@string{springer = "Springer"}
@string{entcs = "ENTCS"}
@string{elsevier= "Elsevier"}
@string{lncs= "LNCS"}
@string{acm= "ACM"}
@string{ieee= "IEEE"}
@string{lncsaddr="Berlin, Germany"},
@string{acmaddr="New York, USA"},
@string{ieeeaddr="Washington DC, USA"},
@string{entcsaddr="Amsterdam, The Netherlands"},

@book{DBLP:books/ph/Meyer97,
  author    = {Bertrand Meyer},
  title     = {Object-Oriented Software Construction, 2nd Edition},
  publisher = {Prentice-Hall},
  year      = {1997},
  isbn      = {0-13-629155-4},
  bibsource = {DBLP, http://dblp.uni-trier.de}
}


@InProceedings{conf/gpce/ApelKL08,
  title =   "{Feature Featherweight Java: A Calculus for
         Feature-Oriented Programming and Stepwise Refinement}",
  author =  {Sven Apel and Christian K\"astner and Christian Lengauer},
  booktitle =   "Proc.\ of {GPCE}",
  publisher =   "ACM",
  year =    "2008",
  pages =   "101--112",
}

@InProceedings{conf/gpce/ThakerBKC07,
  title =   "{Safe Composition of Product Lines}",
  author =  "Sahil Thaker and Don S. Batory and David Kitchin and
         William R. Cook",
  booktitle =   "Proc.\ of {GPCE}",
  publisher =   "ACM",
  year =    "2007",
  pages =   "95--104",
}


@inproceedings{Lopez-HerrejonBC05,
  author    = {Roberto E. Lopez-Herrejon and
               Don S. Batory and
               William R. Cook},
  title     = "{Evaluating Support for Features in Advanced Modularization
               Technologies}",
  booktitle = "Proc.\ of {ECOOP}",
  year      = {2005},
  pages     = {169-194}
}




@inproceedings{conf/foal/DelawareCB09,
 author = {Delaware,, Benjamin and Cook,, William and Batory,, Don},
 title = {{A Machine-Checked Model of Safe Composition}},
 booktitle = {Proc.\ of FOAL},
 year = {2009},
 pages = {31--35},
 publisher = {ACM},
}

@inproceedings{conf/gpce/CzarneckiP06,
  author    = {Krzysztof Czarnecki and
               Krzysztof Pietroszek},
  title     = {Verifying feature-based model templates against well-formedness
               OCL constraints},
  booktitle = {GPCE},
  year      = {2006},
  pages     = {211-220},
}


@InProceedings{AnconaEtAl05,
author = "D.~Ancona and F.~Damiani and S.~Drossopoulou and E.~Zucca",
title = "{P}olymorphic {B}ytecode: {C}ompositional
{C}ompilation for {J}ava-like {L}anguages",
booktitle = "Proc.\ of POPL",
year = 2005,
pages="26--37",
publisher="ACM",
}

@inproceedings{Bono-Damiani-Giachino:IFIP-TCS-2008,
  booktitle = {TCS (Track B)},
  author = {V. Bono and F. Damiani and E. Giachino},
  title = {On {T}raits and {T}ypes in a {J}ava-like Setting},
  publisher = {Springer},
  series = {IFIP},
  volume = {273},
  year = {2008},
  pages = {367-382}
}

@article{IgarashiPierceWadler:TOPLAS-2001,
   author    = {A. Igarashi and B.
Pierce and P. Wadler},
   title     = {Featherweight {J}ava: A Minimal Core Calculus for {J}ava and {GJ}},
   journal   = {ACM TOPLAS},
   year      = {2001},
   volume    = {23},
   number    = {3},
   pages     = {396--450},
   publisher = {ACM}
}

@inproceedings{LagorioServetoZucca-FOOL09,
 author    = {G. Lagorio and M. Servetto and E. Zucca},
 title     = {Flattening versus direct semantics for {F}eatherweight {J}igsaw},
 booktitle = {Proc.\ of FOOL},
 year      = {2009},
 publisher = {},
 pages     = {},
 series    = {},
}

@inproceedings{LagorioServetoZucca-ECOOP09,
 author    = {G. Lagorio and M. Servetto and E. Zucca},
 title     = {{F}eatherweight {J}igsaw - {A} minimal core calculus for modular composition of classes },
 booktitle = {ECOOP},
 year      = {2009},
 publisher = {Springer},
 pages     = {244--268},
 series    = {LNCS 5653}
}

@article{Liquori-Spiwack:TOPLAS-08,
    Author = {L. Liquori and A Spiwack},
    Journal = {ACM TOPLAS},
    Pages = {},
    Title = {{FeatherTrait: A Modest Extension of Featherweight Java}},
    volume    = {30},
  number    = {2},
  year      = {2008},
  }

@article{LiquoriSpiwack:TCS-2008,
  author    = {Luigi Liquori and
               Arnaud Spiwack},
  title     = {Extending FeatherTrait Java with Interfaces},
  journal   = {Theor. Comput. Sci.},
  volume    = {398},
  number    = {1-3},
  year      = {2008},
  pages     = {243-260},
}

@misc{Fortress,
author    = {E. Allen and D. Chase and J. Hallett and V. Luchangco and G.-W.Maessen and S. Ryu and G. Steele and S. Tobin-Hochstad},
title = {The {F}ortress {L}anguage {S}pecification, {V.} 1.0},
opthowpublished = {\textsf{http://research.sun.com/projects/plrg/Publications/fortress.1.0.pdf}},
year      = {2008}
}

@article{Nierstrasz-Ducasse-Scharli:JOT-06,
   author    = {O. Nierstrasz and S. Ducasse and N. Sch{\"a}rli},
   title     = {Flattening Traits},
   DISABLEDjournal   = {Journal of Object Technology (www.jot.fm)},
   journal   = {JOT},
   volume    = {5},
   number    = {4},
   pages     = {129-148},
   DISABLEDmonth     = {May-June},
   year      = {2006},
}



@TechReport{Scala,
    AUTHOR = {M. Odersky},
    TITLE = "The {S}cala {L}anguage {S}pecification, Version 2.4",
    INSTITUTION = "Programming Methods Laboratory, EPFL",
    YEAR = "2007"
}

@book{Clements:2001,
title={{Software Product Lines: Practices and Patterns}},
author={P. Clements and L. Northrop},
publisher={Addison Wesley Longman},
year= 2001}

@inproceedings{Batory:2003,
 author = {Batory, Don and Sarvela, Jacob Neal and Rauschmayer, Axel},
 title = {Scaling step-wise refinement},
 booktitle = {In Proc.\ of ICSE '03},
 year = {2003},

pages = {187--197}

 }

 @book{Bassett:1997,
 author = {Bassett,, Paul G.},
 title = {Framing software reuse: lessons from the real world},
 year = {1997},
 publisher = {Prentice-Hall, Inc.}
 }

 @INPROCEEDINGS{ICSE08,
  TITLE = {{Granularity in Software Product Lines}},
  AUTHOR = {C. K{\"a}stner and S. Apel and M. Kuhlemann},
  BOOKTITLE = {In Proc.\ of ICSE '08},
  YEAR = 2008,
  PAGES = {311-320}
}

@inproceedings{ASE:2008,
  author    = {Christian K{\"a}stner and
               Sven Apel},
  title     = {{Type-Checking Software Product Lines - A Formal Approach}},
  booktitle = {Automated Softwware Engineering (ASE)},
  year      = {2008},
  pages     = {258-267}
}

@inproceedings{SPLC07,
  author    = {Christian K{\"a}stner and
               Sven Apel and
               Don S. Batory},
  title     = {{A Case Study Implementing Features Using AspectJ}},
  booktitle = {SPLC},
  year      = {2007},
  pages     = {223-232}
}

@article{TOSEM02,
  author    = {Yannis Smaragdakis and
               Don S. Batory},
  title     = {Mixin layers: an object-oriented implementation technique
               for refinements and collaboration-based designs},
  journal   = {ACM Trans. Softw. Eng. Methodol.},
  volume    = {11},
  number    = {2},
  year      = {2002},
  pages     = {215-255}
}

@Article{Factories07,
  author =   {{Tal Cohen} and {Joseph (Yossi) Gil}},
  title =    {{Bettter Construction with Factories}},
  journal =      {JOT},
  year =     2007,
  volume =   6,
  number =   6,
  pages =    {103--123}
}

@TechReport{BettiniBonoDamianiSchaefer:TR2009,
    title = {{Implementing Software Product Lines using Traits}},
  author = {Bettini, Lorenzo and Bono, Viviana and
            Damiani, Ferruccio and Ina Schaefer},
    institution = {Dipartimento di Informatica, Universit\`a di Torino},
    year = 2009,
    note = {Available at \url{http://www.di.unito.it/\~{}damiani/papers/isplut.pdf}}
  }

@article{BergelDNW08,
  author    = {Alexandre Bergel and
               St{\'e}phane Ducasse and
               Oscar Nierstrasz and
               Roel Wuyts},
  title     = {Stateful traits and their formalization},
  journal   = {Computer Languages, Systems {\&} Structures},
  volume    = {34},
  number    = {2-3},
  year      = {2008},
  pages     = {83-108},
  ee        = {http://dx.doi.org/10.1016/j.cl.2007.05.003},
  bibsource = {DBLP, http://dblp.uni-trier.de}
}

@inproceedings{949311,
 author = {Black, Andrew P. and Sch\"{a}rli, Nathanael and Ducasse, St\'{e}phane},
 title = {{Applying traits to the Smalltalk collection classes}},
 booktitle = {Proc.\ of {OOPSLA}},
 year = {2003},
 DISABLEDisbn = {1-58113-712-5},
 pages = {47--64},
 DISABLEDlocation = {Anaheim, California, USA},
 doi = {http://doi.acm.org/10.1145/949305.949311},
 publisher = {ACM},
 DISABLEDaddress = {New York, NY, USA},
 }

@inproceedings{1352682,
 author = {Cassou, Damien and Ducasse, St\'{e}phane and Wuyts, Roel},
 title = {Redesigning with traits: the Nile stream trait-based library},
 booktitle = {Proc.\ of {ICDL '07}},
 year = {2007},
 DISABLEDisbn = {978-1-60558-084-5},
 pages = {50--75},
 DISABLEDlocation = {Lugano, Switzerland},
 doi = {http://doi.acm.org/10.1145/1352678.1352682},
 publisher = {ACM},
 DISABLEDaddress = {New York, NY, USA},
 }

@TechReport{BettiniDamianiSchaefer:TR2009,
    title = {{Implementing SPL using Traits}},
  author = {Bettini, Lorenzo and
            Damiani, Ferruccio and Ina Schaefer},
    institution = {Dipartimento di Informatica, Universit\`a di Torino},
    year = 2009,
    note = {Available at \url{http://www.di.unito.it/\~{}damiani/papers/isplurat.pdf}}
  }

@PhDThesis{Bracha92,
author = {G.~Bracha},
title = {The Programming Language {JIGSAW}: Mixins, Modularity and
Multiple Inheritance},
school= utah,
year =
{1992},
}

@InProceedings{BrachaCook90,
author={G. Bracha and W. Cook},
title={Mixin-based Inheritance},
booktitle={OOPSLA},
pages={303--311},
publisher=acm,
series = sigplan,
volume = "25(10)",
year={1990},
}

@Article{VanLimberghenMens96,
author =        "{M. Van}
Limberghen and T. Mens",
title = "Encapsulation and Composition as
Orthogonal Operators on Mixins: A
Solution
  to Multiple Inheritance
Problems",
journal = oos,
year = 1996,
volume = 3,
number=1,
pages=
{1--30},
}

@Article{AnconaEtAl03b,
  author = "D.~Ancona and G.~Lagorio and E.~Zucca",
  title =        "{Jam}---designing a {Java} extension with mixins",
  journal =      "ACM TOPLAS",
  volume =       "25",
  number =       "5",
  pages =        "641--712",
  month =        {September},
  year =         "2003",
DISABLEDnote = {Extended version of \cite{AnconaEtAl00}},
}

@InProceedings{Snyder86b,
  Author =   "A. Snyder",
  Title =    "Encapsulation and Inheritance in Object-Oriented
                  Programming Languages",
  booktitle={OOPSLA},
  publisher={ACM},
  Volume =   "21(11)",
  Year =     "1986",
  Pages =    "38-45",
  DisabledNote =     "OOPSLA '86 Conference Proceedings, Norman Meyrowitz (editor), September 1986, Portland, Oregon."
 }

@InProceedings{CookEtAl90,
author = {W.R. Cook
and W.L. Hill and P.S. Canning},
title = {Inheritance Is Not Subtyping},
booktitle = {POPL},
year = 1990,
publisher = {ACM},
pages= {125--135}
}

@InProceedings{BettiniDamianiSchaefer:OOPS2010,
    title = {{Implementing Software Product Lines using Traits}},
  author = {Bettini, Lorenzo and
            Damiani, Ferruccio and Ina Schaefer},
    booktitle = {Proc.\ OOPS, Track of SAC},
    year = 2010,
    pages = {2096 -2102},
    publisher = {ACM},
}

@inproceedings{DBLP:conf/fmoods/Poetzsch-HeffterS07,
  author    = {Arnd Poetzsch-Heffter and
               Jan Sch{\"a}fer},
  title     = {A Representation-Independent Behavioral Semantics for Object-Oriented
               Components},
  booktitle = {FMOODS},
  year      = {2007},
  pages     = {157-173},
  publisher = {Springer},
  series    = {LNCS},
  volume    = {4468}
}

@Book{java00,
  author =    {K.~Arnold and J.~Gosling and D.~Holmes},
  title =        {The Java Programming Language},
  edition =  {3rd},
  publisher =    {Addison-Wesley},
  year =         2000,
}

@InProceedings{Boyland-Castagna97,
  author =       "J.~Boyland and G.~Castagna",
  title =        "{Parasitic Methods: Implementation of Multi-Methods for Java}",
  booktitle =    "Proc of OOPSLA '97",
  year =         1997,
  pages =        "66--76",
  series =       "ACM SIGPLAN Notices",
  organization = "ACM",
  volume =       "32(10)",
  annote =       "A way to add multimethods to single dispatch
                 languages, like Java. 15 references.",
}

@Book{meyer00,
  author =   {Bertrand Meyer},
  title =    {{Object-Oriented Software Construction}},
  publisher =    {Prentice Hall},
  year =     2000,
  edition =  {2nd},
}

@TechReport{BLS94,
  author =       {Niels Boyen and Carine Lucas and Patrick Steyaert},
  title =        {{Generalised Mixin-based Inheritance to Support Multiple Inheritance}},
  institution =  {Vrije Universiteit Brussel},
  year =         1994,
  number =       {vub-prog-tr-94-12}
}

@Article{bracha3,
  author =       "Gilad Bracha and William Cook",
  title =        "{Mixin-Based Inheritance}",
  journal =      "ACM SIGPLAN Notices",
  year =         1990,
  volume =       25,
  number =       10,
  month =        oct,
  pages =        "303--311",
  note =         "{\em OOPSLA ECOOP '90 Proceedings}, N. Meyrowitz
                 (editor).",
}

@Book{Smalltalk80,
  author =   {Adele Goldberg and David Robson},
  title =    {Smalltalk 80: The Language},
  publisher =    {Addison-Wesley},
  year =     1989
}

@misc{joyner98,
    author = "Ian Joyner",
    title = "{A C++ Critique}",
    note = "Eiffel Liberty Resources, at \texttt{http://www.elj.com/eiffel/ij}",
    year = 1998
}

@InCollection{plop3martin,
  author =   {Robert C. Martin},
  title =    {{Acyclic Visitor}},
  booktitle =    {Pattern Languages of Program Design 3},
  pages =    {94-104},
  publisher =    {Addison-Wesley},
  year =     1998,
  editor =   {Martin and Riehle and Buschmmann}
}

@InCollection{plopnordberg,
    author = "Martin Nordberg",
    title = "Variations on the Visitor Pattern",
    booktitle = {PLoP '96},
    publisher =  {Addison-Wesley},
    year = "1996"
}

@Misc{Oursland,
  author =   {Alan Oursland},
  title =    {{Multiple Inheritance in Java}},
  note =     {DevJournal, on line \texttt{http://journal.iftech.com}}
}

@PhdThesis{sakkinen92,
  author =   {Markku Sakkinen},
  title =    {Inheritance and Other Main Principles of C++ and Other Object Oriented Languages},
  school =   {University of Jyvaskyla},
  year =     1992,
  note =     {Also published as selected papers in \emph{ECOOP '98}, \emph{Computing Systems} Vol. 5 No. 1, and \emph{Structured Programming} Vol. 13 (1992)}
}

@InProceedings{ShanEtAl93,
  author =       "Yeng-Ping Shan and Tom Cargill and Brad Cox and
                 William Cook and Mary Loomis and Alan Snyder",
  title =        "{Is Multiple Inheritance Essential to OOP?}",
  pages =        "360--363",
  editor =       "Andreas Paepcke",
  booktitle =    "Proc.\ of OOPSLA",
  year =         1993,
  publisher =    "ACM Press",
}

@Article{singh95,
  author =   {G.~Singh},
  title =    {{Single versus Multiple Inheritance in Object Oriented Programming}},
  journal =      {OOPS Messenger},
  year =     1995,
  volume =   6,
  number =   1,
}

@Book{Ste90,
  author =   {Guy Steele},
  title =    {Common Lisp: The Language},
  publisher =    {Digital Press},
  year =     1990,
  edition =  {2nd}
}

@Article{TB00,
  author =   {Ewan Tempero and Robert Biddle},
  title =    {{Simulating Multiple Inheritance in Java}},
  journal =      {Journal of Information and Software Technology},
  year =     2000,
  number =   55,
  pages =    {87-100}
}

@Article{lava01,
  author =       {Krishnaprasad Thirunarayan and G\"unter Kniesel and Haripriyan Hampapuram},
  title =        {{Simulating Multiple Inheritance and Generics in Java}},
  journal =      {Computer Languages},
  year =         2001,
  note =         {Elsevier Science. To appear}
}

@TechReport{jamie98,
  author =   {J.~Viega and B.~Tutt and R.~Behrends},
  title =    {{Automated Delegation is a Viable Alternative to Multiple Inheritance in Class Based Languages}},
  institution =  {UVa Computer Science},
  year =     1998,
  number =   {CS-98-03}
}

@Book{OOPpitfalls,
  author =   {B.F. Webster},
  title =    {Pitfalls of Object-oriented Development},
  publisher =    {M\&T Books},
  year =     {1995},
}

@Article{CW85,
  author =       "L.~Cardelli and P.~Wegner",
  title =        "{On Understanding Types, Data Abstraction, and Polymorphism}",
  journal =      "ACM Computing Surveys",
  volume =       17,
  number =       4,
  pages =        "471--522",
  year =         1985,
}


@Book{AC96,
  author =       {M.~Abadi and L.~Cardelli},
  title =        {A Theory of Objects},
  publisher =    {Springer},
  year =         1996
}

@InProceedings{DT95,
  author =   {Gillan Dobbie and Rodney Topor},
  title =    {{Resolving Ambiguities caused by Multiple Inheritance}},
  booktitle =    {Proc.\ of Fourth Int. Conf. on Deductive and Object-Oriented Database Systems},
  pages =    {265--280},
  year =     1995,
  number =   1013,
  series =   {LNCS},
  publisher =    {Springer}
}

@Book{Str94,
  author =   {B. Stroustrup},
  title =    {{The Design and Evolution of C++}},
  publisher =    {Addison-Wesley},
  year =     1994,
}

@Book{stroustrup,
  author =   {B. Stroustrup},
  title =    {The C++ Programming Language},
  publisher =    {Addison-Wesley},
  year =     {1997},
  edition =      {3rd}
}

@Book{GOF,
  author =   {E. Gamma and R. Helm and R. Johnson and J. Vlissides},
  title =    {Design Patterns: Elements of Reusable Object-Oriented Software},
  publisher =    {Addison-Wesley},
  year =     {1995}
}

@Book{TCpp,
author    ={J. Soukup},
title     ={Taming C++, Pattern Classes and Persistence for Large Projects},
publisher ={Addison-Wesley},
year      =1994                         }

@Proceedings{plop95,
  title =        {Pattern Languages of Program Design},
  year =         1995,
  editor =    {J.O.~Coplien and D.Schmidt},
  address =   {Massachusetts},
  publisher = {Addison-Wesley, Reading},
}

@Book{Grey94,
  author =       {Neil Grey},
  title =        {Programming with Class: a Pratical Introduction to Object Oriented Programming},
  publisher =    {John Wiley},
  year =         1994
}

@InProceedings{Bono99a,
  author =       "V.~Bono and A.~Patel and V.~Shmatikov",
  editor =       "R. Guerraoui",
  title =        "{A Core Calculus of Classes and Mixins}",
  booktitle =    "Proceedings ECOOP'99",
  series =       "LCNS",
  number =       "1628",
  pages =        "43--66",
  publisher =    "Springer-Verlag",
  year =         "1999",
  keywords =     "olit ecoop99proc",
  abstract =     "We develop an imperative calculus that provides a
                 formal model for both single and mixin inheritance. By
                 introducing classes and mixins as the basic
                 object-oriented constructs in a lambda-calculus with
                 records and references, we obtain a system with an
                 intuitive operational semantics. New classes are
                 produced by applying mixins to superclasses. Objects
                 are represented by records and produced by
                 instantiating classes. The type system for objects uses
                 only functional, record, and reference types, and there
                 is a clean separation between subtyping and
                 inheritance.",
}

@Article{Car88b,
  key =          "Cardelli",
  author =       "Luca Cardelli",
  title =        "{A Semantics of Multiple Inheritance}",
  journal =      "Information and Computation",
  volume =       "76",
  number =       "2/3",
  year =         "1988",
  pages =        "138--164",
  note =         "A revised version of the paper that appeared in the
                 1984 Semantics of Data Types Symposium, LNCS 173, pages
                 51--66.",
}

@Article{Wegner90,
  key =          "Wegner",
  author =       "Peter Wegner",
  title =        "{Concepts and Paradigms of Object-Oriented Programming}",
  journal =      "OOPS Messenger",
  volume =       "1",
  number =       "1",
  year =         "1990",
  publisher =    "ACM",
  pages =        "7--87",
  note =         "Expansion of Oct 4 OOPSLA '89 Keynote Talk",
  annote =       "Discusses mega-programming. 75 references.",
}

@Book{Lip96,
  author =       {S.B.~Lippman},
  title =        {Inside the C++ Object Model},
  publisher =    {Addison-Wesley},
  year =         1996
}

@TechReport{HOT97,
  author =       {William Harrison and Harold Ossher and Peri Tarr},
  title =        {{Using Delegation for Software and Subject Composition}},
  institution =  {IBM Thomas J. Watson Research Center},
  year =         1997,
  number =       {RC 20946}
}

@Book{RBPEL91,
  author =       "J.~Rumbaugh and M.~Blaha and W.~Premerlani and F.~Eddy
                 and W.~Lorensen",
  title =        "Object-Oriented Modeling and Design",
  publisher =    "Prentice Hall",
  year =         1991,
}

@Article{Self87,
  author =       "David Ungar and Randall B. Smith",
  title =        "{Self: The power of simplicity}",
  journal =      "ACM SIG{\-}PLAN Notices",
  volume =       22,
  number =       12,
  pages =        "227--242",
  year =         1987,
}

@Article{Lie86,
  author =       "H.~Lieberman",
  title =        "{Using prototypical objects to implement shared
                 behavior in object oriented systems}",
  journal =      "ACM SIG{\-}PLAN Notices",
  volume =       21,
  number =       11,
  pages =        "214--214",
  year =         1986,
  conftitle =    "OOPSLA '86. Object-Orientated Programming Systems,
                 Languages and Applications. Conference Proceedings",
}

@Article{Self91,
  author =       "Craig Chambers and David Ungar and Bay-Wei Chang and
                 Urs H{\"o}lzle",
  title =        "{Parents are Shared Parts of Objects: Inheritance and
                 Encapsulation in \textsc{Self}}",
  journal =      "Lisp and Symbolic Computation",
  volume =       4,
  number =       3,
  pages =        "207--222",
  year =         1991,
}

@Article{birrell95,
  author =       "A.~Birrell and G.~Nelson and S.~Owicki and
                 E.~Wobber",
  title =        "Network Objects",
  journal =      "Software--Practice and Experience",
  year =         1995,
  volume =       25,
  number =       "S4",
  pages =        "87--130",
  note =         "Also available as Digital Systems Research Center
                 Research Report 115.",
  url =          "http://gatekeeper.dec.com/pub/DEC/SRC/research-reports/abstracts/src-rr-115.html",
}

@Book{Modula3book,
  editor =       "Greg Nelson",
  title =        "Systems Programming with {Modula-3}",
  publisher =    "Pren{\-}tice-Hall",
  origpages =    "ix + 267",
  year =         1991,
}

@InProceedings{Cheswick92,
  author =       "Bill Cheswick",
  title =        "{An Evening with Befferd in which a Cracker is Lured,
                 Endured, and Studied}",
  pages =        "163--174",
  booktitle =    "Proc.\ of the Usenix Winter 1992 Technical
                 Conference",
  publisher =    "Usenix Association",
  year =         1991,
  url =          "http://julmara.ce.chalmers.se/Security/berferd.ps.gz"
}

@InProceedings{DBWL95,
  author =       "R. H. Deng and S. K. Bhonsle and W. Wang and A. A.
                 Lazar",
  title =        "{Integrating Security in CORBA Based Object
                 Architectures}",
  booktitle =    "Proc.\ of the {IEEE} Symposium on Research in
                 Security and Privacy",
  year =         "1995",
  publisher =    "IEEE Computer Society Press",
  pages =        "50--61",
}

@Article{Spafford89,
  author =       "Eugene H. Spafford",
  title =        "{The Internet Worm Program: An Analysis}",
  journal =      "Computer Communication Review",
  volume =       19,
  number =       1,
  pages =        "17--57",
  day =          1,
  month =        jan,
  year =         1989,
  note =         "Also Purdue Technical Report, Department of Computer Science, Purdue University, Number CSD-TR-823",
  url =          "http://julmara.ce.chalmers.se/Security/spaf-worm.ps.gz",
}

@InProceedings{necula97,
  author =       "G.C.~Necula",
  title =        "{Proof-Carrying Code}",
  booktitle =    "Proceedings of POPL '97: 24th ACM SIGPLAN-SIGACT",
  year =         1997,
  pages =        "106--19",
  publisher = "ACM",
}

@BOOK{lieberherr96,
AUTHOR = "Karl J. Lieberherr",
TITLE = "Adaptive Object-Oriented Software:
The Demeter Method with Propagation Patterns",
PUBLISHER = "PWS Publishing Company, Boston",
YEAR = 1996,
}

@Article{OKKHK96,
  author =       "H.~Ossher and M.~Kaplan and A.~Katz
                 and W.~Harrison and V.~Kruskal",
  title =        "{Specifying Subject-Oriented Composition}",
  journal =      "Theory and Practice of Object Systems",
  year =         1996,
  volume =       2,
  number =       3,
  pages =        "179--202",
}

@Article{Car95,
  author =       "L. Cardelli",
  title =        "{A Language with Distributed Scope}",
  journal =      "Computing Systems",
  year =         "1995",
  volume =       "8",
  number =       "1",
  optmonth =        jan,
  pages =        "27--59",
}

@TechReport{Mil92,
  author =       {R.~Milner},
  title =        {{The polyadic $\pi$-calculus: a tutorial}},
  institution =  {Dep. of Comp. Sci., Edinburgh Univ.},
  year =         1991,
  number =       {ECS-LFCS-91-180}
}

@InCollection{seal99,
  author =       {J.~Vitek and G.~Castagna},
  title =        {{Seal: A Framework for Secure Mobile Computations}},
  booktitle =    {Internet Programming Languages},
  publisher =    {Springer},
  year =         1999,
  number =       1686,
  series =       {LNCS}
}

@InProceedings{CasBug00,
  author =       {M.~Bugliesi and G.~Castagna},
  title =        {{Mobile Objects}},
  booktitle =    {Proc.\ of FOOL},
  year =         2000
}

@InProceedings{BlaFis1996,
  title =        "{A Calculus for Concurrent Objects}",
  author =       "P.~{Di Blasio} and K.~Fisher",
  pages =        "655--670",
  booktitle =    "CONCUR~'96: Concurrency Theory, 7th Int. Conf.",
  editor =       "U.~Montanari and V.~Sassone",
  optaddress =      "Pisa, Italy",
  optmonth =        "26--29~" # aug,
  year =         "1996",
  series =       "LNCS",
  volume =       "1119",
  publisher =    "Springer",
  ISBN =         "ISBN 3-540-61604-7",
}

@InProceedings{PieTur95,
  author =       "B.~C.~Pierce and D.~N.~Turner",
  editor =       "T.~Ito and A.~Yonezawa",
  title =        "{Concurrent Objects in a Process Calculus}",
  booktitle =    "Proc.\ Theory and Practice of Parallel
                 Programming (TPPP 94)",
  pages =        "187--215",
  publisher =    "Springer",
  series =       "LNCS",
  volume =       907,
  year =         1995,
  url =          "http://www.cl.cam.ac.uk/users/bcp1000/ftp/copc.ps.gz",
}

@InProceedings{KleSan98,
  author =       "Josva Kleist and Davide Sangiorgi",
  title =        "{Imperative Objects and Mobile Processes}",
  pages =        "285--303",
  booktitle =    "Programming Concepts and Methods ({PROCOMET} '98)",
  year =         1998,
  editor =       "D.~Gries and W.~{de Roever}",
  organization = "ifip",
  publisher =    "ch",
}

@article{Wal95,
     author = { D.J.~Walker },
      title = { {Objects in the Pi-Calculus} },
    journal = { Information and Computation },
     volume = { 116 },
     number = { 2 },
       year = { 1995 },
      pages = { 253--271 }
}

@Article{MilParWal92,
  author =       "R. Milner and J. Parrow and J. Walker",
  title =        "{A Calculus of Mobile Processes, {I and II}}",
  journal =      "Information and Computation",
  year =         "1992",
  volume =       "100",
  number =       "1",
  pages =        "1--40, 41--77",
  optmonth =        sep,
}

@InProceedings{GorHan98,
  author =       "A.~Gordon and P.~Hankin",
  title =        "{A Concurrent Object Calculus: Reduction and Typing}",
  booktitle =    "Proc.\ of {HLCL} '98: High-Level Concurrent Languages",
  year =         "1998",
  editor =       "U.~Nestmann and B.~C. Pierce",
  volume =       "16.3",
  series =       "ENTCS",
  publisher =    "Elsevier",
}


    @inproceedings(
AZ96,   Author="D. Ancona and E. Zucca",
    Title="An Algebraic Approach to Mixins and Modularity",
    Booktitle="Proc\@. Algebraic and Logic Programming (ALP)",
        Publisher="LNCS 1139, Springer-Verlag",
        Year="1996",
    Pages="179--193")

        @misc(
TR99,   Author="V. Bono and A. Patel and V. Shmatikov and J. C. Mitchell",
        Title="A Core Calculus of Object, Classes, and Mixins",
        HowPublished="Technical Report, The University of Birmingham and
                      Stanford University",
        Note="Forthcoming",
        Year="1999")

    @phdthesis(
Bo99,   Author="V. Bono",
        Title="Type Systems for the Object Oriented Paradigm",
        School="Universit\`{a} di Torino",
        Year="1999")

    @article(
BB98,   Author="V. Bono and M. Bugliesi",
    Title="Matching for the Lambda Calculus of Objects",
    Journal="Theoretical Computer Science",
    Year="1998",
    Note="To appear")

    @inproceedings(
BF98,   Author="V. Bono and K. Fisher",
    Title="An Imperative, First-Order Calculus with Object Extension",
    Booktitle="Proc\@. ECOOP '98",
        Publisher="LNCS 1445, Springer-Verlag",
        Year="1998",
    Pages="462--497",
        Note="Preliminary version appeared in FOOL 5 proceedings")

    @inproceedings(
BC90,   Author="G. Bracha and W. Cook",
    Title="Mixin-based Inheritance",
    Booktitle="Proc\@. OOPSLA '90",
    Year="1990",
    Pages="303--311")

    @inproceedings(
BL92,   Author="G. Bracha and G. Lindstrom",
    Title="Modularity meets Inheritance",
    Booktitle="Proc\@. International Conference on Computer Languages
                   (ICCL '92)",
    Year="1992",
    Pages="282--290")

    @phdthesis(
Bra92,  Author="G. Bracha",
    Title="The Programming Language {J}igsaw: Mixins,
               Modularity and Multiple Inheritance",
    School="University of Utah",
    Year="1992")

    @inproceedings(
Bru93,  Author="K. B. Bruce",
    Title="Safe Type Checking in a Statically-Typed
               Object-Oriented Programming Language",
    Booktitle="Proc\@. POPL '93",
    Year="1993",
    Pages="285--298")

    @article(
Bru94,  Author="K. B. Bruce",
    Title="A Paradigmatic Object-Oriented Language:
               design, Static Typing and Semantics",
    Journal="J. Functional Programming",
    Volume="4", Number="2",
    Year="1994",
        Pages="127--206")

    @article(BinMeth,
        Author="K. B. Bruce and L. Cardelli and G. Castagna and
                The Hopkins Object Group and G. Leavens and B. C. Pierce",
    Title="On Binary Methods",
    Journal="Theory and Practice of Object Systems",
    Volume="1", Number="3",
    Year="1995",
        Pages="217--238")

    @inproceedings(
BCP97,  Author="K. B. Bruce and L. Cardelli and B. C. Pierce",
    Title="Comparing Object Encodings",
    Booktitle="Proc\@. TACS '97",
        Publisher="LNCS 1281, Springer-Verlag",
        Year="1997",
    Pages="415--438")

    @inproceedings(
BPF97,  Author="K. B. Bruce and L. Petersen and A. Finch",
    Title="Subtyping is not a Good ``Match'' for
               Object-Oriented Languages",
    Booktitle="Proc\@. ECOOP '97",
        Publisher="LNCS 1241, Springer-Verlag",
    Year="1997",
    Pages="104--127")

    @inproceedings(
BSv95,  Author="K. B. Bruce and A. Schuett and R. van Gent",
    Title="{P}oly{TOIL}: A Type-Safe Polymorphic Object-Oriented
               Language",
    Booktitle="Proc\@. ECOOP '95",
        Publisher="LNCS 952, Springer-Verlag",
    Year="1995",
    Pages="26--51")

    @phdthesis(
Cook89, Author="W. R. Cook",
    Title="A Denotational Semantics of Inheritance",
    School="Brown University",
    Year="1989")

    @inproceedings(
CHC90,  Author="W. Cook and W. Hill and P. Canning",
    Title="Inheritance is not Subtyping",
    Booktitle="Proc\@. POPL '90",
    Year="1990",
    Pages="125--135")

    @inproceedings(
CF91,   Author="E. Crank and M. Felleisen",
    Title="Parameter-Passing and the Lambda Calculus",
    Booktitle="Proc\@. POPL '91",
    Year="1991",
    Pages="233--244")

    @inproceedings(
EST95,  Author="J. Eifrig and S. Smith and V. Trifonov",
    Title="Sound Polymorphic Type Inference for Objects",
    Booktitle="Proc\@. OOPSLA '95",
    Year="1995",
    Pages="169--184")

    @article(
FH92,   Author="M. Felleisen and R. Hieb",
    Title="The Revised Report on the Syntactic Theories of
               Sequential Control and State",
    Journal="Theoretical Computer Science",
    Volume="103", Number="2",
    Year="1992",
        Pages="235--271")

    @inproceedings(
FF98,   Author="R. Findler and M. Flatt",
    Title="Modular Object-Oriented Programming with Units and Mixins",
    Booktitle="Proc\@. ICFP '98",
    Year="1998",
    Pages="94--104")

    @phdthesis(
Fis96,  Author="K. Fisher",
        Title="Type Systems for Object-Oriented Programming Languages",
        School="Stanford University",
        Year="1996")

    @article(
FM98,   Author="K. Fisher and J. C. Mitchell",
    Title="On the Relationship between Classes, Objects, and
               Data Abstraction",
    Journal="Theory and Practice of Object Systems",
    Volume="4", Number="1",
    Year="1998",
        Pages="3--26",
        Note="Preliminary version appeared in Marktoberdorf '97
              proceedings")

    @inproceedings(FlattEtAl98,
    Author="M. Flatt and S. Krishnamurthi and M. Felleisen",
    Title="Classes and Mixins",
    Booktitle="Proc\@. POPL '98",
    Year="1998",
    Pages="171--183")

    @article(
HP96,   Author="M. Hofmann and B. C. Pierce",
    Title="Positive Subtyping",
    Journal="Information and Computation",
    Volume="126", Number="1",
    Year="1996",
        Pages="11--33",
        Note="Preliminary version appeared in Proc\@. \emph{POPL '95}")

    @incollection(
KR94,   Author="S. Kamin and U. Reddy",
    Title="Two Semantic Models of Object-Oriented Languages",
    Booktitle="Theoretical Aspects of Object-Oriented Programming",
        Editor="C. Gunther and J. C. Mitchell",
    Publisher="MIT Press",
    Year="1994")

    @book(
CLOS,   Author="S. Keene",
    Title="Object-Oriented Programming in {C}ommon {L}isp",
    Publisher="Addison-Wesley",
        Year="1989")

        @book(
Beta,   Author="O. Lehrmann Madsen and B. Moller-Pedersen and K. Nygaard",
        Title="Object-Oriented Programming in the {BETA} Language",
        Publisher="Addison-Wesley",
        Year="1993")

        @unpublished(
OCAML,  Author="X. Leroy and D. R\'{e}my and J. Vouillon and D. Doligez",
        Title="The {O}bjective {Caml} system, documentation and user's guide",
        Note="{\tt http://caml.inria.fr/ocaml/htmlman/}",
        Year="1999")

    @inproceedings(
MT89,   Author="I. Mason and C. Talcott",
    Title="Programming, Transforming, and Proving with
               Function Abstractions and Memories",
    Booktitle="Proc\@. ICALP '89",
        Publisher="LNCS 372, Springer-Verlag",
        Year="1989",
    Pages="574--588")

    @inproceedings(
Flav,   Author="D. Moon",
    Title="Object-Oriented Programming with {F}lavors",
    Booktitle="Proc\@. OOPSLA '86",
    Year="1986",
    Pages="1--8")

        @misc(
PT93,   Author="B. C. Pierce and D. N. Turner",
        Title="Statically Typed Friendly Functions via
               Partially Abstract Types",
        HowPublished="Technical Report ECS-LFCS-93-256,
                      University of Edinburgh, LFCS",
    Note="Also available as INRIA-Rocquencourt
              Rapport de Recherche No\@. 1899",
        Month="April", Year="1993")

    @article(
PT94,   Author="B. C. Pierce and D. N. Turner",
    Title="Simple Type-Theoretic Foundations for
               Object-Oriented Programming",
    Journal="J. Functional Programming",
    Volume="4", Number="2",
    Year="1994",
        Pages="207--248",
        Note="Preliminary version appeared in Proc\@. \emph{POPL '93}
          under the title \emph{Object-Oriented Programming
              Without Recursive Types}")

    @inproceedings(
Re88,   Author="U. Reddy",
    Title="Objects as Closures: Abstract Semantics of
               Object-Oriented Languages",
    Booktitle="Proc\@. Conference on Lisp and Functional
                   Programming",
    Year="1988",
    Pages="289--297")

    @inproceedings(
SB98,   Author="Y. Smaragdakis and D. Batory",
    Title="Implementing Layered Designs with Mixin Layers",
    Booktitle="Proc\@. ECOOP '98",
    Year="1998",
    Pages="550--570")

    @inproceedings(
VHN96,  Author="M. VanHilst and D. Notkin",
    Title="Using Role Components to Implement Collaboration-Based
               Designs",
    Booktitle="Proc\@. OOPSLA '96",
    Year="1996",
    Pages="359--369")

    @article(VLM96,
        Author="M.~{Van Limberghen} and T.~Mens",
    Title="Encapsulation and Composition as Orthogonal Operators on
               Mixins: a Solution to Multiple Inheritance Problems",
    Journal="Object Oriented Systems",
    Volume="3", Number="1",
    Year="1996",
        Pages="1--30")

    @incollection(
Wand94, Author="M. Wand",
    Title="Type Inference for Objects with Instance Variables and
               Inheritance",
    Booktitle="Theoretical Aspects of Object-Oriented Programming",
        Editor="C. Gunther and J. C. Mitchell",
    Publisher="MIT Press",
    Year="1994")

    @article(
WF94,   Author="A. Wright and M. Felleisen",
    Title="A Syntactic Approach to Type Soundness",
    Journal="Information and Computation",
    Volume="115", Number="1",
    Year="1994",
        Pages="38--94")

@InProceedings{djoin96,
  author =       "C. Fournet and G. Gonthier and J. J. Levy and L.
                 Maranget and D. Remy",
  title =        "{A Calculus of Mobile Agents}",
  booktitle =    "Proc.\ of 7th Int. Conf. on
                 Concurrency Theory (CONCUR'96)",
  year =         1996,
  pages =        "406--421",
  series =       "LNCS",
  editor =       "U. Montanari and V. Sassone",
  volume =       1119,
  publisher =    "Springer-Verlag",
}

@InProceedings{BaldiPicco98,
  author        = {Mario Baldi and Gian Pietro Picco},
  title         = {{Evaluating the Tradeoffs of Mobile Code Design Paradigms
                  in Network Management Applications}},
  booktitle     = {Proc.\ of the 20$^{th}$ Int. Conf. on Software Engineering},
  editor        = {R. Kemmerer},
  year          = 1998,
  publisher     = {IEEE CS Press},
  pages = {146--155}
}

@InProceedings{BetLorPug01,
  author =       {L.~Bettini and M.~Loreti and R.~Pugliese},
  title =        {{Modelling Node Connectivity in Dynamically Evolving Networks}},
  booktitle =    {Proc.\ of CONCOORD, Int. Workshop on Concurrency and
      Coordination},
  year =         2001,
  volume =       54,
  series =       {ENTCS}
}

@Book{csharp01,
  author =       {Microsoft},
  title =        {{Microsoft C\# Language Specifications}},
  publisher =    {Microsoft Press},
  year =         2001
}

@Article{Hennessy:1985:ALN,
  author =       "Matthew Hennessy and Robin Milner",
  title =        "{Algebraic Laws for Nondeterminism and Concurrency}",
  journal =      "Journal of the ACM",
  volume =       32,
  number =       1,
  pages =        "137--161",
  month =        jan,
  year =         1985,
  url =          "http://www.acm.org/pubs/toc/Abstracts/0004-5411/2460.html",
}

@InProceedings{BD01,
  author =       {L.~Bettini and R.~{De Nicola}},
  title =        {{Translating Strong Mobility into Weak Mobility}},
  booktitle =    {Mobile Agents},
  pages =        {182--197},
  crossref =     {MA01}
}

@InCollection{AdamsEtAl96,
  author =       {M.~Adams and J.~Coplien and R.~Gamoke and R.~Hanmer and F.~Keeve and K.~Nicodemus},
  title =        {Fault-tolerant telecommunication system patterns},
  booktitle =    {Pattern Languages of Program Design 2},
  crossref =     {plop96},
  pages =        {549--562}
}

@Book{plop96,
  editor =       "J.M. Vlissides and J.O. Coplien",
  title =        "Pattern Languages of Program Design 2",
  publisher =    "Addison-Wesley",
  year =         "1996",
}

@InProceedings{BDL01,
  author =       {L.~Bettini and R.~{De Nicola} and M.~Loreti},
  title =        {{Software Update via Mobile Agent Based Programming}},
  booktitle =    {Proc\. of ACM SAC 2002, Special Track on Agents, Interactions, Mobility, and Systems},
  pages =        {32--36},
  year =      2002,
  publisher = {ACM Press}
}

@InProceedings{BLV01,
  author =       {L.~Bettini and M.~Loreti and B.~Venneri},
  title =        {{On Multiple Inheritance in Java}},
  booktitle =    {Technology of Object-Oriented Languages, Systems and Architectures, Proc.\ of TOOLS Eastern Europe 2002},
  pages =        {1--15},
  year =      2003,
  editor =       {T.~D'Hondt},
  publisher =    {Kluwer Academic Publishers}
}

@InProceedings{BBV01,
  author =       {L.~Bettini and V.~Bono and B.~Venneri},
  title =        {{Towards Object-Oriented \textsc{Klaim{}}}},
  booktitle = {TOSCA 2001},
  series = {ENTCS},
  volume = 62,
  publisher = {Elsevier},
  editor = {M.~Lenisa and M.~Miculan},
  year = 2001
}

@misc{glass99,
  author = "G.~Glass",
  title = "{ObjectSpace Voyager Core Package Technical Overview}",
  note = "White Paper",
  year = 1999
}

@InProceedings{moa98,
  author =       "Dejan S. Miloji{\v{c}}{\'{\i}}c and William {LaForge}
                 and Deepika Chauhan",
  title =        "{Mobile Objects and Agents {(MOA)}}",
  pages =        "179--194",
  booktitle =    "Proc.\ of the 4th Conf. on Object-Oriented
                 Technologies and Systems ({COOTS}-98)",
  publisher =    "USENIX Association",
  year =         1998,
}

@InProceedings{Farmer96a,
  author =       "W.~M.~Farmer and J.~D.~Guttman and V.~Swarup",
  year =         1996,
  title =        "{Security for Mobile Agents: Issues and Requirements}",
  booktitle =    "Proc.\ 19th {NIST}-{NCSC} National Information Systems
                 Security Conference",
  pages =        "591--597",
}

@InProceedings{SanTsc98c,
  author =       "T.~Sander and C.~Tschudin",
  title =        "{Protecting Mobile Agents Against Malicious Hosts}",
  booktitle =    "Mobile Agents and Security",
  crossref  =    {Vigna98},
  year =         "1998",
}

@Article{CGHow89,
  author =       "N.~Carriero and D.~Gelernter",
  title =        "{How to Write Parallel Programs: {A} Guide to the
                 Perplexed}",
  journal =      "ACM Computing Surveys",
  volume =       "21",
  number =       "3",
  pages =        "323--357",
  year =         "1989",
}

@InProceedings{BetLorPug02,
  author =       {L.~Bettini and M.~Loreti and R.~Pugliese},
  title =        {{An Infrastructure Language for Open Nets}},
  booktitle =    {Proc.\ of ACM SAC 2002, Special Track on Coordination Models, Languages and Applications},
  pages =        {373--377},
  year =      2002,
  publisher =    {ACM}
}

@Misc{BLP01,
  author =       {L.~Bettini and M.~Loreti and R.~Pugliese},
  title =        {{An Infrastructure Language for Open Nets}},
  year =      {2001},
  note =      {Draft, available at \texttt{http://music.dsi.unifi.it/papers.html}},
}

@Article{BDP02,
  author =       "L.~Bettini and R.~{De Nicola} and R.~Pugliese",
  title =        "\textsc{Klava}: a {Java} package for distributed and mobile
                 applications",
  journal =      "Soft\-ware -- Prac\-tice and Experience",
  volume =       32,
  number =       14,
  pages =        "1365--1394",
  year =         2002,
  publisher = {John Wiley \& Sons},
}

@PhdThesis{LoretiTh,
  author =       {Michele Loreti},
  title =        {{Languages and Logics for Network Aware Programming}},
  school =       {Universit\`a di Siena},
  year =         2002,
  note =      {Available at \texttt{http://music.dsi.unifi.it}}
}

@Article{McLellan88,
  author =       {Vin McLellan},
  title =        {{Computer Systems Under Siege}},
  journal =      {The New York Times},
  year =         1988,
  month =        {January}
}

@TechReport{Spafford88a,
  author =       "Eugene H. Spafford",
  title =        "{The Internet Worm Program: An Analysis}",
  year =         "1988",
  type =         "Technical Report",
  number =       "CSD-TR-823",
  institution =  "Department of Computer Sciences, Purdue University",
  address =      "West Lafayette, Indiana 47907-2004, U.S.A.",
  abstract =     "On the evening of 2 November 1988, someone infected
                 the Internet with a worm program. That program
                 exploited flaws in utility programs in systems based on
                 BSD-derived versions of UNIX. The flaws allowed the
                 program to break into those machines and copy itself,
                 thus infecting those systems. This infection eventually
                 spread to thousands of machines, and disrupted normal
                 activities and Internet connectivity for many days.
                 \par This report gives a detailed description of the
                 components of the worm program --- data and functions.
                 It is based on study of two completely independent
                 reverse-compilations of the worm and a version
                 disassembled to VAX assembly language. Almost no source
                 code is given in the paper because of current concerns
                 about the state of the ``immune system'' of Internet
                 hosts, but the description should be detailed enough to
                 allow the reader to understand the behavior of the
                 program. \par The paper contains a review of the
                 security flaws exploited by the worm program, and gives
                 some recommendations on how to eliminate or mitigate
                 their future use. The report also includes an analysis
                 of the coding style and methods used by the author(s)
                 of the worm, and draws some conclusions about his
                 abilities and intent.",
  postscript-url = "http://www.cerias.purdue.edu/homes/spaf/tech-reps/823.ps",
  postscript-doc = "00000881.ps",
}

@Article{Kurzban89,
  author =       {Stanley A.~Kurzban},
  title =        {{Viruses and Worms--What Can You Do?}},
  journal =      {ACM SIG Security, Audit, \& Control},
  year =         1989,
  volume =       7,
  number =       1
}

@TechReport{BH01,
  author =       {B.~Bhargava and M.~Hafeeda},
  title =        {{On Mobile Code Security}},
  institution =  {Purdue University},
  year =         2001,
  type =         {{CERIAS Technical Report}}
}

@InCollection{Chess98,
  author =       "David M. Chess",
  title =        "{Security Issues in Mobile Code Systems}",
  pages =        "1--14",
  booktitle =    "Mobile Agents and Security",
  crossref =     {Vigna98},
  year =         "1998",
}

@InProceedings{Hohl98a,
  author =       "F.~Hohl",
  title =        "{Time Limited Blackbox Security: Protecting Mobile
                 Agents From Malicious Hosts}",
  booktitle =    "Mobile Agents and Security",
  crossref  =    {Vigna98},
  pages =        "92--113",
}

@InCollection{Vigna98b,
  author =       "G.~Vigna",
  title =        "{Cryptographic Traces for Mobile Agents}",
  pages =        "137--153",
  booktitle =    "Mobile Agents and Security",
  crossref =     {Vigna98}
}

@Book{Vigna98,
  title =        "Mobile Agents and Security",
  volume =       "1419",
  year =         "1998",
  booktitle =    "Mobile Agents and Security",
  editor =       "G.~Vigna",
  publisher =    "Springer",
  series =       "LNCS",
}

@Manual{jce,
  author = {{Sun Microsystems}},
  title =        {Java Cryptography Extension (JCE), Refence Guide},
  year =         2001,
  note =         {available on line}
}

@Article{ACS98,
  author =       "R.~Amadio and I.~Castellani and D.~Sangiorgi",
  title =        "{On Bisimulations for the Asynchronous $\pi$-Calculus}",
  journal =      "Theoretical Computer Science",
  year =         "1998",
  opturl =          "http://www.inria.fr/RRRT/RR-2913.html",
  volume =       "195",
  number =       "2",
  pages =        "291--324",
  optnote =         "An extended abstract appeared in {\em Proceedings of CONCUR '96}, LNCS 1119: 147--162.",
}

@InProceedings{KHMT92,
  author =       "K.~Honda and M.~Tokoro",
  booktitle =    "Proc.\ of the ECOOP '91 Workshop on Object-Based
                 Concurrent Computing",
  year =         "1992",
  editor =       "P.~Wegner and M.~Tokoro and O.~Nierstrasz",
  publisher =    "Springer",
  pages =        "21--51",
  number =       "612",
  series =       "LNCS",
  title =        "{On Asynchronous Communication Semantics}",
}

@InProceedings{SanTsc98,
  author =       "T.~Sander and C.~Tschudin",
  title =        "{Towards Mobile Cryptography}",
  opturl =          "http://www.icsi.berkeley.edu/~tschudin/ps/ieee-sp98.ps.gz",
  pages =        "215--224",
  booktitle =    "Proc.\ of the {IEEE} Symposium on Research in
                 Security and Privacy",
  year =         "1998",
  publisher =    "IEEE",
}

@Article{Opp99,
  author =       {R.~Oppliger},
  title =        {Security issues related to mobile code and agent-based
     systems},
  journal =      {Computer Communications},
  year =         1999,
  volume =       22,
  number =       12,
  pages =        {1165--1170}
}

@InProceedings{PinMcD91,
  author =       "J.~Pinakis and C.~McDonald",
  title =        "{The Inclusion of the Linda Tuple Space Operations in a
                 Pascal-based Concurrent Language}",
  booktitle =    "Proc.\ 14th Australian Comp. Science Conf.",
  year =         "1991",
  editor =       "J.~Gupta and J.~Lions",
  keyword =      "coordination language",
}

@Manual{clinda,
  author =       "A.~H.~Sherman",
  title =        "{C-Linda Reference Manual}",
  organization = "Scientific Computing Associates, Inc.",
  year =         "1990",
  optaddress =      "New Haven, Connecticut",
}

@TechReport{SutPin92,
  author =       "G.~Sutcliffe and J.~Pinakis",
  title =        "{Prolog-D-Linda}",
  institution =  "Dept. of CS, Univ. of Western Australia",
  number =       "TR91/7",
  optaddress =      "Nedlands, Western Australia",
  year =         "1992",
  keyword =      "coordination language, Linda, Prolog",
}

@Article{Jel90,
  author =       "R.~Jellinghaus",
  title =        "{Eiffel Linda: an Object Oriented Linda Dialect}",
  journal =      "ACM Sigplan Notices",
  volume =       "25",
  number =       "12",
  optmonth =        dec,
  year =         "1990",
  keyword =      "Linda, oo coordination",
}

@InProceedings{FM95,
  author = "Fisher, K.  and Mitchell, J. C.",
  title  = "A {D}elegation-based {O}bject {C}alculus with {S}ubtyping",
  booktitle = "Proc.\  of FCT ",
  pages  = "42--61",
  volume = "965",
  series = "LNCS",
  publisher = "Springer",
  year   = "1995"
}

@InProceedings{BL95,
  author =      "V.~Bono and L.~Liquori",
  title =       "A {S}ubtyping for the {F}isher-{H}onsell-{M}itchell
                  {L}ambda {C}alculus of {O}bjects",
  booktitle =   "Proc.\ of CSL'94",
  editor =" ",
  pages ="16--30",
  volume = "933",
  series ="LNCS",
  publisher ="Springer",
  year = "1995",
}

@Article{RieckeStone02,
  author = "J.G.~Riecke and C.~Stone",
  title = "Privacy via {S}ubsumption",
  journal =      {Information and Computation},
  year =         2002,
  number =       172,
  pages =        {2--28},
  note =         {3rd special issue of Theory and Practice of Object-Oriented Systems (TAPOS)}
}


@InProceedings{deugo01,
  author =       {D.~Deugo},
  title =        {{Choosing a Mobile Agent Messaging Model}},
  booktitle =    {Proc.\ of ISADS 2001},
  pages =        {278--286},
  year =         2001,
  publisher =    {IEEE}
}

@MastersThesis{ianett02,
  author =       {Roberto Ianett},
  title =        {{MOBILE\_TQL: Interrogazione di Database Distribuiti XML con Agenti Mobili}},
  school =       {Dip.~di Informatica, Univ. Pisa},
  year =         2002
}

@inproceedings{RW96,
    author = "A.~Rowstron and A.~Wood",
    title = "{An Efficient Distributed Tuple Space Implementation for Networks of Workstations}",
    booktitle = "EuroPar 96",
    volume = "1123",
    publisher = "Springer",
    editor = "L.~Bouge and P.~Fraigniaud and A.~Mignotte and Y.~Robert",
    pages = "511--513",
    year = "1996",
}

@InCollection{Jagannatha1991c,
  author =       "Suresh Jagannathan",
  booktitle =    "Advances in Languages and Compilers for Parallel
                 Processing",
  editor =       "A.~Nicolau and D.~Gelernter and T.~Gross
                 and D.~Padua",
  publisher =    "MIT Press",
  title =        "{Optimizing Analysis for First-Class Tuple-Spaces}",
  year =         1991,
}

@InProceedings{CzaZie93b,
  author =       "G.~Czajkowski and K~Zieli\'nski",
  title =        "{Extension of Strand with Linda-like Operations.
                 Implementation and Performance Study}",
  booktitle =    "Proc.\ Workshop on Practical Implementations and
                 Systems Experience in Logic Programming",
  year =         "1993",
  editor =       "E.~Tick",
}

@Unpublished{KS93,
  author =       {S.~Kaxiras and I.~Schoinas},
  title =        {{Dynamic Optimizations in Linda Systems}},
  note =         {\texttt{http://www.cs.wisc.edu/\textasciitilde{}kaxiras}},
  year =         1993
}

@PhdThesis{Fenwick98,
  author =       {James B.~Fenwick, Jr.},
  title =        {{Compiler Analysis and Optimization of
 Linda Programs for Distributed-memory Systems}},
  school =       {Univ.~of Delaware},
  year =         1998
}

@inproceedings{DPR00,
    author = "R.~{De Nicola} and R.~Pugliese and A.~Rowstron",
    title = "{Proving the Correctness of Optimising Destructive and Non-destructive Reads over Tuple Spaces}",
    booktitle = "Proc.\ of Coordination 2000",
    pages = "66-80",
    year = "2000",
    editor = {A.~Porto and G-C.~Roman}
}

@inproceedings{GhelliTQL,
  author =       {G.~Conforti and O.~Ferrara and G.~Ghelli},
  title =        {{TQL Algebra and its Implementation}},
  booktitle =    {Proc.\ of the 2nd IFIP International Conference on Theoretical Computer
Science },
  pages =        "422--434",
  year =         2002,
  publisher =    {Kluwer}
}

@Article{VBO01,
  author =       {J.~Vitek and C.~Bryce and M.~Oriol},
  title =        {{Coordinating Processes with Secure Spaces}},
  journal =      {Science of Computer Programming},
  year =         2001,
  note =         {To appear}
}

@Misc{KlaimSite,
  author =       {{Concurrency and Mobility Group at Dipartimento di Sistemi e Informatica, Universit\`a di Firenze}},
  title =        {{\textsc{Klaim} web page}},
  note =         {\texttt{http://music.dsi.unifi.it}}
}

@TechReport{Hup90,
  author =       "S.~Hupfer",
  title =        "{Melinda: Linda with Multiple Tuple Spaces}",
  year =         1990,
  institution =  "Dept.\ of Computer Science, Yale University",
  number =       "RR YALEU/DCS/R-766",
  address =      "New Haven, CT",
  keyword =      "coordination model",
}

@Misc{Paradise99,
  author =       {{Scientific Computing Associates, Inc.}},
  title =        {{Virtual Shared Memory and the Paradise System for Distributed Computing}},
  month =        {April},
  year =         1999
}

@Article{CFGK95,
  author =       "Nicholas Carriero and Eric Freeman and David Gelernter
                 and David Kaminsky",
  title =        "Adaptive parallelism and {Piranha}",
  journal =      "Computer",
  volume =       28,
  number =       1,
  pages =        "40--49",
  year =         1995,
}

@inproceedings{davies97limbo,
    author = "N.~Davies and S.~Wade and A.~Friday and G.~Blair",
    title = "{Limbo: a tuple space based platform for adaptive mobile applications}",
    year = 1997,
    booktitle = "Int.\ Conference on Open Distributed Processing/Distributed Platforms (ICODP/ICDP'97)",
}

@article{CFM00,
    author = {P.~Ciancarini and F.~Franz\`e and C.~Mascolo},
    title = {{Using a Coordination Language to Specify and Analyze Systems Containing Mobile Components}},
    journal = {ACM Transactions on Software Engineering and Methodology},
    year = 2000,
    volume = 9,
    number = 2,
    pages = {167-198},
    keyword = {PoliS, mobility, coordination, agents, mine},
}

@InProceedings{momicoord02,
  author =       {L.~Bettini and V.~Bono and B.~Venneri},
  title =        {{Coordinating Mobile Object-Oriented Code}},
  booktitle =    {Proc.\ of Coordination Models and Languages},
  crossref =     {Coord2002},
  pages =        {56--71}
}

@InProceedings{BDL01b,
  author =       {L.~Bettini and R.~{De Nicola} and M.~Loreti},
  title =        {{Formalizing Properties of Mobile Agent Systems}},
  booktitle =    {Proc.\ of Coordination Models and Languages},
  crossref =     {Coord2002},
  pages =        {72--87}
}

@Proceedings{Coord2002,
  title =        {Proc.\ of Coordination Models and Languages},
  year =         2002,
  editor =       {F.~Arbarb and C.~Talcott},
  number =       2315,
  series =       {LNCS},
  publisher =    {Springer}
}

@Book{Pierce02,
  author =       "B.~C.~Pierce",
  title =        "Types and Programming Languages",
  publisher =    "The MIT Press",
  address =      "Cambridge, MA",
  year =         "2002",
}

@InProceedings{TanMor01,
  author =       "H.~K.~Tan and L.~Moreau",
  title =        "{Trust Relationships in a Mobile Agent System}",
  booktitle =    "Mobile Agents",
  pages =        "15--30",
  crossref =     {MA01},
}

@Proceedings{MA01,
  title =        {Mobile Agents},
  year =         2001,
  editor =       {G.~P.~Picco},
  number =       2240,
  series =       {LNCS},
  publisher =    {Springer}
}

@InProceedings{farmer96:authentication,
  author =       "William M. Farmer and Joshua D. Guttman and Vipin
                 Swarup",
  title =        "{Security for Mobile Agents: Authentication and State
                 Appraisal}",
  pages =        "118--130",
  booktitle =    "Proc.\ of the Fourth European Symposium on
                 Research in Computer Security",
  year =         "1996",
  series =       "LNCS",
  number =       "1146",
}

@Article{jansen00,
  author = "W. Jansen",
  title = "{Countermeasures for Mobile Agent Security}",
  journal = "Computer Communications,
    Special Issue on Advances in Research and Application of Network Security",
  year = 2000,
}

@Book{gollmann99,
  author =       {D.~Gollmann},
  title =        {Computer Security},
  publisher =    {John Wiley \& Son},
  year =         1999
}

@inproceedings{bdptosca02,
    author = {L.~Bettini and R.~{De Nicola} and R.~Pugliese},
    title = {{\textsc{X-Klaim} and \textsc{Klava}: Programming Mobile Code}},
    booktitle = {TOSCA 2001},
    series = {ENTCS},
    volume = 62,
    publisher = {Elsevier},
    editor = {M.~Lenisa and M.~Miculan},
    year = 2001
}

@Article{MPW93,
  author =       "R.~Milner and J.~Parrow and D.~Walker",
  title =        "Modal logics for mobile processes",
  journal =      "Theoretical Computer Science",
  volume =       "114",
  year =         "1993",
  pages =        "149--171",
}

@InProceedings{cardelliTACS01,
  author =       {L.~Caires and L.~Cardelli},
  title =        {{A Spatial Logic for Concurrency (Part I)}},
  booktitle =    {Proc.\ of TACS2001},
  year =         2001,
  series =       {LNCS},
  number =       2215,
  editor =       {N.~Kobayashi and B.~C.~Pierce}
}

@InProceedings{CG00,
  author =       "L.~Cardelli and A.~D.~Gordon",
  title =        "{Anytime, Anywhere: Modal Logics for Mobile Ambients}",
  booktitle =    "Proc.\ of POPL",
  organization = "ACM",
  year =         "2000",
}

@InProceedings{CG01,
  author =       {L.~Cardelli and A.~D.~Gordon},
  title =        {{Logical Properties of Name Restriction}},
  booktitle =    {Proc.\ of TLCA'01},
  year =         2001,
  number =       2044,
  series =       {LNCS},
  editor =       {S.~Abramsky},
  publisher =    {Springer}
}

@Unpublished{BD02,
  author =       {L.~Bettini and R.~{De Nicola}},
  title =        {{A Middleware for Secure Distributed Tuple Spaces}},
  note =         {Draft. Available at \texttt{http://music.dsi.unifi.it/papers.html}},
  year =         2002
}

@Article{Butcher94,
  author =       "P.~Butcher and A.~Wood and M.~Atkins",
  title =        "{Global Synchronisation in Linda}",
  journal =      "Concurrency: Practice and Experience",
  volume =       "6",
  number =       "6",
  pages =        "505--516",
  year =         "1994",
}

@InProceedings{plinda92,
  author =       "B.~G.~Anderson and D.~Shasha",
  title =        "{Persistent Linda: Linda {$+$} Transactions {$+$} Query
                 Processing}",
  pages =        "93--109",
  editor =       "J.~P.~Banatre and D.~{Le Metayer}",
  booktitle =    "Proc.\ of Research Directions in High--Level
                 Parallel Programming Languages",
  series =       "LNCS",
  volume =       "574",
  publisher =    "Springer",
  year =         "1992",
}

@InProceedings{ancona,
  author =       "D.~Ancona and G.~Lagorio and E.~Zucca",
  title =        "{Jam - A Smooth Extension of Java with Mixins}",
  booktitle =    "ECOOP 2000",
  pages =        "145--178",
  year =         2000,
  number =       1850,
  series =       "LNCS",
}

@InProceedings{secspaces02,
  author =   {N.~Busi and R.~Gorrieri and R.~Lucchi and G.~Zavattaro},
  title =    {{\texttt{SecSpaces}: a Data-driven Coordination Model for Environments Open to Untrusted Agents}},
  booktitle =    {Proc.\ of Int.\ Workshop on Foundations of Coordination Languages and Software Architectures (FOCLASA'02)},
  year =     2002,
  series =   {ENTCS},
  publisher =    {Elsevier}
}

@Book{pgp,
  author =   {P.R.~Zimmermann},
  title =    {The Official PGP User's Guide},
  publisher =    {MIT Press},
  year =     1995
}

@InProceedings{BBV03,
  author =       {L.~Bettini and V.~Bono and B.~Venneri},
  title =        {{Subtyping Mobile Classes and Mixins}},
  booktitle =    {Proc.\ of Int.\  Workshops on Foundations of
                  Object-Oriented Languages, FOOL 10},
  year =         2003,
}

@PhdThesis{BetPhd,
  author =       {L.~Bettini},
  title =        {{Linguistic Constructs for Object-Oriented Mobile Code Programming \& their Implementations}},
  school =       {Dip.\ di Matematica, Universit\`a di Siena},
  year =         2003,
  note =         {Available at \texttt{http://music.dsi.unifi.it}}
}

@Book{Castagna97,
  author =       "G.~Castagna",
  title =        "Object-Oriented Programming: {A} Unified Foundation",
  publisher =    "Birkhauser",
  year =         "1997",
  series =       "Progress in Theoretical Computer Science",
}

@Article{Castagna95,
  author =       "G.~Castagna",
  title =        "A meta-language for typed object-oriented languages",
  journal =      "Theoretical Computer Science",
  volume =       "151",
  number =       "2",
  pages =        "297--352",
  year =         "1995",
}

@InProceedings{Castagna-Ghelli-Longo93,
  author =       "G.~Castagna and G.~Ghelli and G.~Longo",
  title =        "A semantics for $\lambda$\&-{\em early}: a calculus
                 with overloading and early binding",
  booktitle =    "International Conference on Typed Lambda Calculi and
                 Applications",
  year =         1993,
  editor =       "M.~Bezem and J.F.~Groote",
  publisher =    "Springer",
  series =       "LNCS",
  number =       664,
  pages =        "107--123",
}

@Article{CovContr95,
  author =       {G.~Castagna},
  title =        {Covariance and contravariance: conflict without a cause},
  journal =      {ACM Transactions on Programming Languages and Systems},
  year =         1995,
  volume =       17,
  number =       3,
  pages =        {431--447}
}

@InProceedings{DeMGab87,
  author =       "L.G.~DeMichiel and R.P.~Gabriel",
  title =        "{The Common Lisp Object System: An Overview}",
  pages =        "151--170",
  booktitle =    "Proc.\ of ECOOP",
  series =       "LNCS",
  volume =       "276",
  year =         "1987",
  publisher =    "Springer",
}

@InProceedings{mugridge91,
  author =       "W.B.~Mugridge and J.~Hamer and J.G.~Hosking",
  title =        "{Multi-Methods in a Statically-Typed Programming
                 Language}",
  opteditor =       "P.~America",
  booktitle =    "Proc.\ of ECOOP~'91",
  series =       "LNCS",
  publisher =    "Springer",
  volume =       "512",
  year =         "1991",
  pages =        "307--324",
}

@Article{cmm01,
  author =       {J.~Smith},
  title =        {{Cmm - C++ with Multimethods}},
  journal =      {Association of C/C++ Users Journal},
  year =         2001,
  month =        {April},
  note =         {\texttt{http://www.op59.net/cmm/readme.html}}
}

@InProceedings{ingalls86,
  author =       "D.H.H.~Ingalls",
  title =        "{A Simple Technique for Handling Multiple
                 Polymorphism}",
  opteditor =       "N.~Meyrowitz",
  booktitle =    "Proc.\ of {OOPSLA}",
  publisher =    "ACM Press",
  year =         "1986",
  pages =        "347--349",
}


@Article{multijava00,
  author =       "C.~Clifton and G.T.~Leavens and C.~Chambers
                 and T.~Millstein",
  title =        "{MultiJava}: modular open classes and symmetric
                 multiple dispatch for {Java}",
  journal =      "ACM SIG{\-}PLAN Notices",
  volume =       35,
  number =       10,
  pages =        "130--145",
  year =         2000,
}

@InProceedings{JMMF00,
  author =       {R.~Forax and E.~Duris and G.~Roussel},
  title =        {Java Multi-Method Framework},
  booktitle =    {Int.\ Conf.\ on Technology of Object-Oriented Languages and
    Systems (TOOLS '00)},
  year =         2000,
}

@Misc{Carbonetto,
  author = "P.~Carbonetto",
  title = "An Implementation for Multiple Dispatch in Java using the ELIDE Framework",
  url = "citeseer.nj.nec.com/575037.html", }

@InProceedings{Dutchyn01,
  author =       "C.~Dutchyn and P.~Lu and D.~Szafron and
                 S.~Bromling and W.~Holst",
  title =        "{Multi-Dispatch} in the Java Virtual Machine: Design
                 and Implementation",
  pages =        "77--92",
  booktitle =    "Proc.\ of the 6th {USENIX} Conf.\ on
                 Object-Oriented Technologies and Systems ({COOTS} '01)",
  year =         "2001",
}



@InProceedings{BeCecil,
    author = "C.~Chambers and G.~T.~Leavens",
    title = "{BeCecil}, {A} Core Object-Oriented Language with Block Structure and Multimethods: Semantics and Typing",
    booktitle = "The 4th Int.\ Workshop on Foundations of Object-Oriented Languages, {FOOL 4}",
    year = "1996"}

@Book{moderncpp,
  author =       {A.~Alexandrescu},
  editor =       {B.~Stroustrup},
  title =        {Modern C++ Design, Generic Programming and Design Patterns Applied},
  publisher =    {Addison Wesley},
  year =         2001
}

@InProceedings{Grothoff03,
  author =       "C.~Grothoff",
  title =        "{Walkabout revisited: The Runabout}",
  booktitle =    "Proc.\ of ECOOP",
  number = 2743,
  series =       "LNCS",
  publisher =    "Springer",
  year =         2003,
}

@InProceedings{Lea92,
  author =       "D.~Lea",
  title =        "{Run-Time Type Information and Class Design}",
  booktitle =    "Proc.\ of{USENIX C++} Technical Conference",
  publisher =    "USENIX",
  pages =        "341--347",
  year =         1992,
}

@InProceedings{TB95,
  author =       {L.~Tokuda and D.~Batory},
  title =        {{Automated Software Evolution via Design Pattern Transformations}},
  booktitle =    {Proc.\ ofSymposium on Applied Corporate Computing},
  year =         1995
}

@InProceedings{DH96,
  author =       "K.~Driesen and U.~H{\"o}lzle",
  title =        "{The Direct Cost of Virtual Function Calls in {C++}}",
  pages =        "306--323",
  booktitle =    "Proc.\ of OOPSLA",
  series =       "ACM SIGPLAN Notices",
  volume =       "31",
  number =       "10",
  publisher =    "ACM Press",
  year =         "1996",
}

@InProceedings{Aign96a,
  author =       "G.~Aigner and U.~H{\"o}lzle",
  opteditor =       "P.~Cointe",
  title =        "{Eliminating Virtual Function Calls in {C}++ Programs}",
  booktitle =    "Proc.\ of ECOOP",
  series =       "LNCS",
  volume =       "1098",
  pages =        "142--166",
  publisher =    "Springer",
  year =         "1996",
}

@InProceedings{Tip-Sweeney97,
  author =       "F.~Tip and P.F.~Sweeney",
  title =        "{Class Hierarchy Specialization}",
  booktitle =    "Proc.\ of OOPSLA",
  series =       "ACM SIGPLAN Notices",
  volume =       "32(10)",
  year =         "1997",
  organization = "ACM",
  pages =        "271--285",
}

@Article{lawall03,
  author =       "U.P.~Schultz and J.L.~Lawall and C.~Consel",
  year =         "2003",
  title =        "{Automatic Program Specialization for Java}",
  journal =      "TOPLAS",
  volume =       "4",
  number =       "25",
  pages =        "452--499",
}

@InProceedings{ZG02,
  author =       "Y.~Zibin and J.Y.~Gil",
  title =        "{Fast algorithm for creating space efficient
                 dispatching tables with application to
                 multi-dispatching}",
  pages =        "142--160",
  editor =       "C.~Norris and J.B.~Fenwick",
  booktitle =    "Proc.\ of OOPSLA",
  series =       "ACM SIGPLAN Notices",
  volume =       "37, 11",
  publisher =    "ACM Press",
  year =         "2002",
}

@InProceedings{Pang99a,
  author =       "C.~Pang and W.~Holst and Y.~Leontiev and D.~Szafron",
  editor =       "R. Guerraoui",
  title =        "{Multi-Method Dispatch Using Multiple Row
                 Displacement}",
  booktitle =    "Proc.\ of ECOOP",
  series =       "LNCS",
  volume =       "1628",
  pages =        "304--328",
  publisher =    "Springer",
  year =         "1999",
}

@Book{Shalit97,
  title =        "The {Dylan} Reference Manual: The Definitive Guide to
                 the New Object-Oriented Dynamic Language",
  author =       "A.~Shalit",
  publisher =    "Addison-Wesley",
  address =      "Reading, Mass.",
  year =         "1997",
}

@Article{bobrow89,
  author =       "D.~Bobrow and L.~Demichiel and R.~Gabriel and S.~Keene
                 and G.~Kiczales",
  title =        "{Common {L}isp Object System Specification}",
  journal =      "Lisp and Symbolic Computation",
  year =         "1989",
  volume =       "1",
  number =       "3/4",
  pages =        "245--394",
}

@Book{BDK92,
  author =       "F.~Bancilhon and C.~Delobel and P.~{Kanellakis (eds.)}",
  title =        "Implementing an Object-Oriented database system: The
                 story of {O}$_{2}$",
  publisher =    "Morgan Kaufmann",
  year =         "1992",
}

@Book{meyer,
  author =       "B.~Meyer",
  title =        "Eiffel: The Language",
  publisher =    "Prentice-Hall",
  year =         "1991",
}

@InProceedings{ADZ01,
  author =       {D.~Ancona and S.~Drossopoulou and E.~Zucca},
  title =        {{Overloading and Inheritance}},
  booktitle =    {FOOL 8},
  year =         2001
}

@InProceedings{DoubleDisp,
  author =       {L.~Bettini and S.~Capecchi and B.~Venneri},
  title =        {{Translating Double-Dispatch into Single-Dispatch}},
  booktitle =    {Proc.\ of WOOD},
  year =         2004,
  series =       {ENTCS},
  publisher =    {Elsevier},
  note =         {To appear}
}

@Article{FJ01,
  author =       "A.~Igarashi and B.C.~Pierce and P.~Wadler",
  title =        "Featherweight {Java}: a minimal core calculus for
                 {Java} and {GJ}",
  journal =      "ACM TOPLAS",
  volume =       23,
  number =       3,
  pages =        "396--450",
  year =         2001,
}

@article{FHM94,
Author="K. Fisher and F. Honsell and J. C. Mitchell",
    Title="A Lambda-Calculus of Objects and Method Specialization",
    Journal="Nordic J. of Computing",
    Volume="1",
Number="1",
    Year="1994",
        Pages="3--37",
}

@inproceedings{tuples,
  author =   {G.T.~Leavens and T.D.~Millstein},
  title =    {{Multiple dispatch as dispatch on Tuples}},
  booktitle =    {OOPSLA '98},
  year =     {1998},
  pages =    {374--387},
  publisher =    {ACM Press},
}

@InProceedings{cecil,
  author =   {C.~Chambers},
  title =    {{Object-Oriented Multi-Methods in Cecil}},
  booktitle =    {Proc.\ of ECOOP},
  pages =    {33--56},
  year =     1992,
  volume =   615,
  series =   {LNCS},
  publisher =    {Springer}
}


@article{sweeney99,
 author = {Peter F. Sweeney and Michael Burke},
 title = {Quantifying and evaluating the space overhead for alternative C++ memory layouts},
 journal = {Softw. Pract. Exper.},
 volume = {33},
 number = {7},
 year = {2003},
 issn = {0038-0644},
 pages = {595--636},
 doi = {http://dx.doi.org/10.1002/spe.519},
 publisher = {John Wiley \& Sons, Inc.},
 address = {New York, NY, USA},
 }

@inproceedings{ calder94,
    author = "Brad Calder and Dirk Grunwald",
    title = "Reducing Indirect Function Call Overhead in {C++} Programs",
    booktitle = "Conference Record of {POPL} '94: 21st {ACM} {SIGPLAN}-{SIGACT} Symposium on Principles of Programming Languages",
    address = "Portland, Oregon",
    pages = "397--408",
    year = "1994",
    url = "citeseer.ist.psu.edu/calder94reducing.html" }

    @misc{chien,
  author = "J. Plevyak and A. Chien",
  title = "Automatic interprocedural optimization for object-oriented languages",
  text = "John Plevyak and Andrew A. Chien. Automatic interprocedural optimization
    for object-oriented languages. Submitted for publication.",
  url = "citeseer.ist.psu.edu/plevyak96automatic.html" }

  @inproceedings{chen94,
 author = {Weimin Chen and Volker Turau and Wolfgang Klas},
 title = {Efficient Dynamic Look-Up Strategy for Multi-Methods},
 booktitle = {ECOOP '94: Proceedings of the 8th European Conference on Object-Oriented Programming},
 year = {1994},
 isbn = {3-540-58202-9},
 pages = {408--431},
 publisher = {Springer-Verlag},
 address = {London, UK},
 }

 @article{ chen95,
    author = "Weimin Chen and Volker Turau",
    title = "Multiple-Dispatching Based on Automata",
    journal = "Theory and Practice of Object Systems",
    volume = "1",
    number = "1",
    pages = "41-59",
    year = "1995",
    url = "citeseer.ist.psu.edu/chen95multipledispatching.html" }

    @inproceedings{ agrawal91,
    author = "Rakesh Agrawal and Linda~G. DeMichiel and Bruce~G. Lindsay",
    title = "{Static Type Checking of Multi-Methods}",
    booktitle = "Proceedings of the {OOPSLA}~'91 Conference on Object-oriented Programming Systems, Languages and Applications",
    pages = "113--128",
    year = "1991",
    url = "citeseer.ist.psu.edu/agrawal91static.html" }

@article{ amiel98fast,
    author = "Eric Dujardin and Eric Amiel and Eric Simon",
    title = "Fast Algorithms for Compressed Multimethod Dispatch Table Generation",
    journal = "ACM Transactions on Programming Languages and Systems",
    volume = "20",
    number = "1",
    month = "January",
    publisher = "ACM Press",
    pages = "116--165",
    year = "1998",
    url = "citeseer.ist.psu.edu/article/dujardin96fast.html", }

  @article{ pang99,
    author = "Candy Pang and Wade Holst and Yuri Leontiev and Duane Szafron",
    title = "Multi-method Dispatch Using Multiple Row Displacement",
    journal = "Lecture Notes in Computer Science",
    volume = "1628",
    pages = "304--??",
    year = "1999",
    url = "citeseer.ist.psu.edu/pang99multimethod.html", }


   @TechReport{chen95b,
  type =         "Technical Report",
  number =       "ap-ipsi-1995-906",
  title =        "Efficient Multiple Dispatching Using Nested
                 Transition-Arrays",
  notes =        "ORT=Sankt Augustin",
  series =       "Arbeitspapiere der GMD Nr. 906",
  pages =        "18",
  year =         "1995",
  author =       "Weimin Chen and Karl Aberer",
  institution =  "INS=IPSI",
}

@InProceedings{key,
  author =       "Warwick B. Mugridge and John Hamer and John G.
                 Hosking",
  title =        "Multi-Methods in a Statically-Typed Programming
                 Language",
  editor =       "Pierre America",
  booktitle =    "{ECOOP~'91}: European Conference on Object-Oriented
                 Programming",
  series =       "Lecture Notes in Computer Science",
  publisher =    "Springer-Verlag",
  volume =       "512",
  year =         "1991",
  ISBN =         "3-540-54262-0 (Berlin), 0-387-54262-0 (New York)",
  pages =        "307--324",
}


@misc(mmself,   Author="Bjorn N. Freeman-Benson",
        Title="A Proposal for Multi-Methods in Self.",
        HowPublished="Unpublished manuscript",
        Note="Forthcoming",
        Year="1989")

@Misc{nice,
  key =          "Bonniot \& Keller",
  title =        "The {Nice} User's Manual",
  author =       "Daniel Bonniot and Bryn Keller",
  year =         "2003",
  howpublished = "http://nice.sourceforge.net",
}

@Article{flavor,
  key =          "Moon",
  author =       "David A. Moon",
  title =        "Object-Oriented Programming with {{\em Flavors}}",
  journal =      "ACM SIGPLAN Notices",
  volume =       "21",
  number =       "11",
  month =        nov,
  year =         "1986",
  pages =        "1--8",
  note =         "OOPSLA '86 Conference Proceedings, Norman Meyrowitz
                 (editor), September 1986, Portland, Oregon.",

}

@InProceedings{BC96,
  author =  "J. Boyland and G. Castagna",
  title =   "Type-Safe Compilation of Covariant Specialization: {A}
         Practical Case",
  booktitle =   "Proceedings of ECOOP'96, Linz, Austria",
  editor =  "P. Cointe",
  series =  "Lecture Notes in Computer Science 1098",
  publisher =   "Springer-Verlag, Berlin",
  year =    "1996",
  pages =   "3--25",
}

@inproceedings{ ferragina99,
    author = "Paolo Ferragina and S. Muthukrishnan and Mark de Berg",
    title = "Multi-method dispatching: a geometric approach with applications to string matching problems",
    booktitle = {Proc.\ of the 31st Ann.\ ACM Symp.\ on Theory of Computing},
    pages = "483--491",
    year = "1999",
    publisher = {ACM Press},
    url = "citeseer.ist.psu.edu/ferragina99multimethod.html"
}

@Article{Meyers00,
  author =  "Scott Meyers",
  title =   "How Non-Member Functions Improve Encapsulation",
  journal = "j-CCCUJ",
  volume =  "18",
  number =  "2",
  pages =   "44--??",
  month =   feb,
  year =    "2000",
  CODEN =   "CCUJEX",
  ISSN =    "1075-2838",
}

@Article{Chambers91,
  author =  "Craig Chambers and David Ungar and Bay-Wei Chang and
         Urs H{\"o}lzle",
  title =   "Parents are Shared Parts of Objects: Inheritance and
         Encapsulation in {SELF}",
  journal = "Lisp and Symbolic Computation",
  volume =  "4",
  number =  "3",
  pages =   "207--222",
  month =   jul,
  year =    "1991",
  CODEN =   "LSCOEX",
  ISSN =    "0892-4635",
  journalabr =  "LISP Symb Comput",
}

@INPROCEEDINGS{dintos,
  AUTHOR = {L.~Bettini and S.~Capecchi and B.~Venneri},
  TITLE = {{Translating Double-Dispatch into Single-Dispatch}},
  BOOKTITLE = {Proc.\ of Int.\ Workshop on Object-Oriented Developments (WOOD)},
  YEAR = 2004,
  SERIES = {ENTCS},
  PUBLISHER = {Elsevier},
  NOTE = {To appear},
  URL = {http://rap.dsi.unifi.it/~bettini/bibliography/files/doubledisp.pdf},

}

  @misc{ driesensurvey,
  author = "Karel Driesen",
  title = "Multiple Dispatch Techniques: a survey.",
  url = "citeseer.ist.psu.edu/349418.html" }

  @Unpublished{Smith03,
  author =       {J.~Smith},
  title =        {{Draft proposal for adding Multimethods to C++}},
  note =         {Available at \texttt{http://std.dkuug.dk/jtc1/sc22/\-wg21/docs/papers/\-2003/n1529.html}}
}

@inproceedings{aigner96,
 author = {Gerald Aigner and Urs H\"olzle},
 title = {{Eliminating Virtual Function Calls in C++ Programs}},
 booktitle = {Proc.\ of ECCOP '96},
 year = {1996},
 isbn = {3-540-61439-7},
 volume = "1098",
 series = "LNCS",
 pages = {142--166},
 publisher = {Springer},
 }

 @inproceedings{rodriguez90,
author = {Gregor Kiczales and Luis Rodriguez},
title = {{Efficient method dispatch in PCL}},
booktitle = {Proc.\ of ACM conference on LISP and functional programming (LFP '90)},
year = {1990},
isbn = {0-89791-368-X},
pages = {99--105},
doi = {http://doi.acm.org/10.1145/91556.91600},
publisher = {ACM Press},
}

@phdthesis{grove98,
author = {David Paul Grove},
title = {Effective interprocedural optimization of object-oriented languages},
year = {1998},
school = {Dept.\ of Computer Science University of Stanford}
}

@TechReport{holst98,
  author =   {W. Holst and D. Szafron and Y. Leontiev and C. Pang},
  title =    {{Multi-Method Dispatch Using Single-Receiver Projections}},
  institution =  {University of Alberta},
  year =     1998,
  number =   {TR-98-03}
}

@inproceedings{zibin02,
 author = {Yoav Zibin and Joseph Yossi Gil},
 title = {Fast algorithm for creating space efficient dispatching tables with application to multi-dispatching},
 booktitle = {Proc.\ of OOPSLA '02},
 year = {2002},
 isbn = {1-58113-471-1},
 pages = {142--160},
 doi = {http://doi.acm.org/10.1145/582419.582434},
 publisher = {ACM Press},
 }

 @inproceedings{dixon89,
 author = {R. Dixon and T. McKee and M. Vaughan and P. Schweizer},
 title = {A fast method dispatcher for compiled languages with multiple inheritance},
 booktitle = {Proc.\ of OOPSLA '89},
 year = {1989},
 isbn = {0-89791-333-7},
 pages = {211--214},
 doi = {http://doi.acm.org/10.1145/74877.74900},
 publisher = {ACM Press},
 }

 @inproceedings{royer92,
 author = {Pascal Andr\'e and Jean-Claude Royer},
 title = {Optimizing method search with lookup caches and incremental coloring},
 booktitle = {Proc.\ of OOPSLA '92},
 year = {1992},
 isbn = {0-201-53372-3},
 pages = {110--126},
 location = {Vancouver, British Columbia, Canada},
 doi = {http://doi.acm.org/10.1145/141936.141947},
 publisher = {ACM Press},
 address = {New York, NY, USA},
 }

 @inproceedings{driesen93,
 author = {Karel Driesen},
 title = {Selector table indexing \& sparse arrays},
 booktitle = {Proc.\ of OOPSLA '93},
 year = {1993},
 isbn = {0-89791-587-9},
 pages = {259--270},
 doi = {http://doi.acm.org/10.1145/165854.165902},
 publisher = {ACM Press},
 }

 @inproceedings{driesen95,
 author = {Karel Driesen and Urs H\"olzle},
 title = {Minimizing row displacement dispatch tables},
 booktitle = {Proc.\ of OOPSLA '95},
 year = 1995,
 pages = {141--155},
 doi = {http://doi.acm.org/10.1145/217838.217851},
 publisher = {ACM Press},
 }

 @inproceedings{vitek96,
 author = {Jan Vitek and R. Nigel Horspool},
 title = {Compact Dispatch Tables for Dynamically Typed Object Oriented Languages},
 booktitle = {CC '96: Proc.\ of the 6th Int.\ Conf.\ on Compiler Construction},
 year = {1996},
 pages = {309--325},
 publisher = {Springer},
series = "LNCS",
volume = "1060",
 }

 @inproceedings{vitek94,
 author = {Jan Vitek and R. Nigel Horspool},
 title = {{Taming Message Passing: Efficient Method Look-Up for Dynamically Typed Languages}},
 booktitle = {Proc.\ of ECOOP '94},
 year = {1994},
volume = "821",
series = {LNCS},
 pages = {432--449},
 publisher = {Springer},
}


@inproceedings{bacon96,
 author = {David F. Bacon and Peter F. Sweeney},
 title = {{Fast static analysis of C++ virtual function calls}},
 booktitle = {Proc.\ of OOPSLA '96},
 year = {1996},
 isbn = {0-89791-788-X},
 pages = {324--341},
 doi = {http://doi.acm.org/10.1145/236337.236371},
 publisher = {ACM Press},
 }

 @Article{dubious,
  title =   "Modular Statically Typed Multimethods",
  author =  "Todd D. Millstein and Craig Chambers",
  journal = "Inf. Comput",
  year =    "2002",
  number =  "1",
  volume =  "175",
  bibdate = "2003-11-20",
  bibsource =   "DBLP,
         http://dblp.uni-trier.de/db/journals/iandc/iandc175.html#MillsteinC02",
  pages =   "76--118",
  URL =     "http://www.idealibrary.com/links/doi/10.1006/inco.2002.3103",
}

@Article{lambdaeta,
  author =  "G. Castagna and G. Ghelli and G. Longo",
  title =   "{A} calculus for overloaded functions with subtyping",
  year =    "1995",
  abstract-url = "http://www.ens.fr/users/castagna/abstr.html",
  URL =     "ftp://ftp.ens.fr/pub/dmi/users/castagna/infocompu.dvi.Z",
  month =   feb,
  number =  "1",
  pages =   "115--135",
  volume =  "117",
  scope =   "imptype",
  journal = "Information and Computation",
}

@Article{dccSPE,
  author =  "L. Bettini, S. Capecchi, and B. Venneri",
  title =   "Double Dispatch in C++",
  year =    "2006",
  number =  "6",
  pages =   "581--613",
  volume =  "36",
  journal = " Software: Practice and Experience",
}

@Article{Prot2,
  author =       "David Ungar and Craig Chambers and Bay-Wei Chang and
                 Urs H{\"o}lzle",
  title =        "{Organizing Programs Without Classes}",
  journal =      "Lisp and Symbolic Computation",
  volume =       "4",
  number =       "3",
  pages =        "223--242",
  month =        jul,
  year =         "1991",
}

@PhdThesis{Darwin,
author = {Gunter Kniesel},
title = {Darwin - A Unified Model of Sharing for Object-Oriented Programmning},
school = {University of Bonn},
year = {1999},
}

@TechReport{Dfj,
author = {Gunter Kniesel},
title = {Delegation for {J}ava: {API} or {L}anguage {E}xtension?},
institution = {University of Bonn},
year = {1997},
number = {IAI-TR-98-5},
month = {May},
}

@Article{Sub,
author = {John Vlissides},
title = {Subject-{O}riented {D}esign},
journal = {C++ Report},
year = {1998},
month = {February},
}



@Book{MeziniBook,
  author =    {Mira Mezini},
  title =        {{Variational Object-Oriented Programming Beyond Classes and Inheritance}},
  publisher =    {Springer},
  year =         {1998},
}

@PhdThesis{Mezini,
author = {Mira Mezini},
title = {Variational Object Oriented Programmnig Beyond Classes and Inheritance},
school = {College of Electrical Engineering and Computer Science, University of Siegen, Germany},
year = {1997},
}

@Article{evol,
  title =        "{Evolution of Object Behavior Using Context Relations}",
  author =       "Linda M.~Seiter and Jens Palsberg and Karl J.~Lieberherr",
  pages =        "79--92",
  journal =      "IEEE Transactions on Software Engineering",
  year =         "1998",
  volume =       "24",
  month =        jan,
  number =       "1",
}

@Article{fickle,
  author =       "Sophia Drossopoulou and Ferruccio Damiani and
                 Mariangiola Dezani-Ciancaglini and Paola Giannini",
  title =        "More dynamic object reclassification: {{\em
                 Fickle\/}$_\parallel$}",
  journal =      "ACM Transactions on Programming Languages and
                 Systems",
  volume =       "24",
  number =       "2",
  pages =        "153--191",
  year =         "2002",
}

@InProceedings{roles,
  author =       {G.~Ghelli and D.~Palmerini},
  title =        {Foundations for extensible objects with roles, extended abstract},
  booktitle =    {FOOL},
  year =         1999
}

@inproceedings{superinner,
 author = {David S. Goldberg and Robert Bruce Findler and Matthew Flatt},
 title = {Super and inner: together at last!},
 booktitle = {Proc.\ of OOPSLA '04},
 year = {2004},
 pages = {116--129},
 doi = {http://doi.acm.org/10.1145/1028976.1028987},
 publisher = {ACM Press},
 }


 @misc{ fowler97,
  author = "M. Fowler",
  title = "Dealing with Roles",
  note = "Martin Fowler. Dealing with Roles Collected papers from the PLoP '97 and
    EuroPLoP '97 Conference, Technical Report wucs-97-34, Dept. of Computer
    Science, Washington University Department of Computer Science, September
    1997. URL: http://www2.awl.com/cseng/titles/0-201-89542-0/apsupp/roles2-1.html.",
  year = "1997",
  url = "citeseer.ist.psu.edu/fowler97dealing.html" }


 @misc{ deltaAD,
  author = "Christopher Anderson and Sophia Drossopoulou",
  title = "An Imperative Object Based Calculus With Delegation",
  url = "citeseer.ifi.unizh.ch/573757.html" }
  @Article{Gottlob96,
  title =   "Extending Object-Oriented Systems with Roles",
  author =  "Georg Gottlob and Michael Schrefl and Brigitte
         R{\"o}ck",
  journal = "ACM Transactions on Information Systems",
  pages =   "268--296",
  month =   jul,
  year =    "1996",
  volume =  "14",
  number =  "3",
}

@InProceedings{Papazoglou91,
  title =   "Roles: {A} Methodology for Representing Multifaceted
         Objects",
  author =  "Mike P. Papazoglou",
  year =    "1991",
  bibdate = "2002-01-03",
  bibsource =   "DBLP,
         http://dblp.uni-trier.de/db/conf/dexa/dexa91.html#Papazoglou91",
  booktitle =   "DEXA",
  pages =   "7--12",
}

@InProceedings{Gil97,
  title =   "Design Patterns vs. Language Design",
  author =  "Joseph Gil and David H. Lorenz",
  publisher =   "Springer",
  year =    "1997",
  volume =  "1357",
  bibdate = "2002-06-13",
  booktitle =   "ECOOP Workshops",
  editor =  "Jan Bosch and Stuart Mitchell",
  ISBN =    "3-540-64039-8",
  pages =   "108--111",
  series =  "Lecture Notes in Computer Science",
}

@InProceedings{chv00,
  title =   "A Debate on Language and Tool Support for Design
         Patterns",
  author =  "Craig Chambers and Bill Harrison and John M.
         Vlissides",
  year =    "2000",
  bibdate = "2006-03-14",
  bibsource =   "DBLP,
         http://dblp.uni-trier.de/db/conf/popl/popl2000.html#ChambersHV00",
  booktitle =   "POPL",
  pages =   "277--289",
  URL =     "http://doi.acm.org/10.1145/325694.325731",
}

@TechReport{Russo96,
  key =     "Baumgartner \& L{\"{a}}ufer \& Russo",
  author =  "Gerald Baumgartner and Konstantin L{\"{a}}ufer and
         Vincent F. Russo",
  title =   "On the Interaction of Object-Oriented Design Patterns
         and Programming Languages",
  year =    "1998",
  month =   feb,
  number =  "CSD-TR-96-020",
  institution =  "Department of Computer Science, Purdue University",
  annote =  "42 references.",
}

@Article{wood04,
  title =   "Translating Double Dispatch into Single Dispatch",
  author =  "Lorenzo Bettini and Sara Capecchi and Betti Venneri",
  journal = "Electr. Notes Theor. Comput. Sci",
  year =    "2005",
  number =  "2",
  volume =  "138",
}

@InProceedings{DecJava03,
  author =       {L.~Bettini and S.~Capecchi and B.~Venneri},
  title =        {{Extending Java to dynamic object behaviors}},
  booktitle =    {Proc.\ of Int.\ Workshop on Object-Oriented Developments (WOOD)},
  year =         2003,
  volume =       82,
  series =       {ENTCS},
  publisher =    {Elsevier}
}

@ARTICLE{dcpp05,
  AUTHOR = {L.~Bettini and S.~Capecchi and B.~Venneri},
  TITLE = {{Double Dispatch in C++}},
  JOURNAL = {Software -- Practice and Experience},
  YEAR = 2005,
  number =  "6",
  volume =  "36",

}





@TechReport{all,
  author =       {Lorenzo Bettini, Sara Capecchi, Betti Venneri},
  title =        {"Dynamic Overloading with Copy Semantics in Object-Oriented Languages: a Formal Account"},
  institution =  {Dip. Sistemi e Informatica, Universita' di Firenze },
  year =         2006,
}


@Article{FisMit95,
 author =    "K.~Fisher and J.~Mitchell",
 title =    "{A Delegation-Based Object Calculus with Subtyping}",
 journal =    "FCT: Fundamentals (or Foundations) of Computation
         Theory",
 volume =    "10",
 year =     "1995",
}

@article{anderson03alias,
 author = "C.~Anderson and F.~Barbanera and M.~Dezani-Ciancaglini",
 title = "{Alias and Union Types for Delegation}",
 journal = "Annals of Mathematics, Computing \& Teleinformatics",
 volume = "1",
 number = "1",
 pages = "1--18",
 year = "2003",
}

@Unpublished{delta,
author    = {C.~Anderson and S.~Drossopoulou},
title     = {$\delta$ - an imperative object based calculus},
year      = {2002},
note      = {Workshop USE, Malaga},
}

@InProceedings{mezini01,
  title =   "Object-Oriented Composition Untangled",
  author =  "Klaus Ostermann and Mira Mezini",
  year =    "2001",
  bibdate = "2002-12-05",
  bibsource =   "DBLP,
         http://dblp.uni-trier.de/db/conf/oopsla/oopsla2001.html#OstermannM01",
  booktitle =   "OOPSLA",
  pages =   "283--299",
}

@PhdThesis{gbeta,
  author =  "Erik Ernst",
  title =   "gbeta -- a Language with Virtual Attributes, Block
         Structure, and Propagating, Dynamic Inheritance",
  school =  "Department of Computer Science, University of
         \AA{}rhus, Denmark",
  year =    "1999",
  note = "Url: http://www.daimi.au.dk/\textasciitilde{}eernst/gbeta/"
}

@InProceedings{genwrap,
  author =  "Martin B{\"u}chi and Wolfgang Weck",
  title =   "Generic Wrappers",
  booktitle =   "{ECOOP 2000, 14th European Conference on
         Object-Oriented Programming}",
  year =    "2000",
  pages =   "201--225",
  series =  "LNCS",
  volume =  "1850",
  publisher =   "Springer-Verlag",
  editor =  "Elisa Bertino",
}

@InProceedings{dellayers,
  title =   "Dynamically Composable Collaborations with Delegation
         Layers",
  author =  "Klaus Ostermann",
  bibdate = "2002-06-03",
  bibsource =   "DBLP,
         http://dblp.uni-trier.de/db/conf/ecoop/ecoop2002.html#Ostermann02",
  booktitle =   "Proc.\ of {ECOOP} 2002",
  publisher =   "Springer",
  year =    "2002",
  volume =  "2374",
  editor =  "Boris Magnusson",
  ISBN =    "3-540-43759-2",
  pages =   "89--110",
  series =  "LNCS",

}


@InProceedings{BrachaGen98,
  key =     "Bracha, {\em et al.}",
  author =  "Gilad Bracha and Martin Odersky and David Stoutamire
         and Philip Wadler",
  title =   "Making the Future Safe for the Past: Adding Genericity
         to the {Java} Programming Language",
  booktitle =   "OOPSLA '98 Conference Proceedings",
  series =  "ACM SIGPLAN Notices",
  volume =  "33(10)",
  month =   oct,
  year =    "1998",
  pages =   "183--200",
  annote =  "The GJ language. 24 references.",
}


@Misc{breuel01,
  title =   "Implementing Dynamic Language Features in Java using
         Dynamic Code Generation",
  author =  "Thomas M. Breuel",
  year =    "2001",
  month =   may # "~12",
  annote =  "Thomas M. Breuel (Xerox PARC; Palo Alto , CA);",
  bibsource =   "OAI-PMH server at cs1.ist.psu.edu",
  language =    "en",
  oai =     "oai:CiteSeerPSU:575027",
  rights =  "unrestricted",
  URL =     "http://citeseer.ist.psu.edu/575027.html;
         http://tmb.voxel.net/publications/2001-breuel-tools.pdf",
}





@Misc{bedford02,
  title =   "Dynamic Classification with Interfaces and Delegation",
  author =  "Chris Bedford",
  year =    "2002",
  month =   may # "~11",
  URL =     "http://www.builderau.com.au/program/java/",
}

@inproceedings{DGGCD:FTfJP-06,
 booktitle = {Electronic proceedings of FTfJP'06 (http://www.cs.ru.nl/ftfjp)},
 title = {{A State Abstraction for Coordination in {J}ava-like Languages}},
 author = {Damiani, Ferruccio and Giachino, Elena and Giannini, Paola and
           Cameron, Nick and Drossopoulou, Sophia},
 year = {2006},
}

@InProceedings{incobjoops,
  author =   {L.~Bettini and V.~Bono and S.~Likavec},
  title =    {{Safe and Flexible Objects}},
  booktitle =    {Proc.\ of SAC 2005, Special Track on Object-Oriented Programming Languages and Systems (OOPS)},
  pages =    {1268--1273},
  year =     2005,
  publisher =    {ACM Press}
}

@Article{incsubrep,
  author =   {L.~Bettini and V.~Bono and S.~Likavec},
  title =    {{Safe and Flexible Objects with Subtyping}},
  journal =      {Journal of Object Technology},
  year =     2005,
  volume =   10,
  number =   4,
  pages =    {5--29},
  month =    {December},
  note =     {Special Issue: OOPS Track at SAC 2005}
}

@InCollection{aspect97,
 author =    "Gregor Kiczales and John Lamping and Anurag Menhdhekar
         and Chris Maeda and Cristina Lopes and Jean-Marc
         Loingtier and John Irwin",
 title =    "Aspect-Oriented Programming",
 booktitle =    "ECOOP '97",
 publisher =    "Springer",
 year =     "1997",
 editor =    "Mehmet Ak\c{s}it and Satoshi Matsuoka",
 volume =    "1241",
 series =    "LNCS",
 pages =    "220--242",
}

@TECHREPORT{BettCapGiac:TR-2006,
 AUTHOR = {L. Bettini and S. Capecchi and E. Giachino},
 TITLE = {{Featherweight Wrap Java (extended version with appendix)}},
 INSTITUTION = {Dip. di Sistemi e Informatica, Univ. di Firenze},
 month={October},
 YEAR = {2006},
}

@InProceedings{wrapjava,
  author =   {L.~Bettini and S.~Capecchi and E.~Giachino},
  title =    {{Featherweight Wrap Java}},
  booktitle =    {Proc.\ of SAC 2007, Special Track on Object-Oriented Programming Languages and Systems (OOPS)},
  year =     2007,
  publisher =    {ACM Press},
  pages =    {1094--1100}
}

@Article{Ducasse:2006:TMF,
  author =  "S.~Ducasse and O.~Nierstrasz and
         N.~Sch{\"a}rli and R.~Wuyts and A.P.~Black",
  title =   "Traits: {A} mechanism for fine-grained reuse",
  journal = "ACM TOPLAS",
  volume =  "28",
  number =  "2",
  pages =   "331--388",
  year =    "2006",
}

@Article{Taivalsaari1996,
  title =   "On the Notion of Inheritance",
  author =  "Antero Taivalsaari",
  journal = "ACM Computing Surveys",
  pages =   "438--479",
  month =   sep,
  year =    "1996",
  volume =  "28",
  number =  "3",
}

@Article{momiacta,
  author =       {L.~Bettini and V.~Bono and B.~Venneri},
  title =        {{MoMi: a calculus for mobile mixins}},
  journal =      {Acta Informatica},
  year =    "2005",
  number =  "2-3",
  volume =  "42",
  pages =   "143--190",
}

@inproceedings{AndBarDezDro:WOOD-03,
  booktitle = {WOOD'03},
  volume = {82(8)},
  author = {C.~Anderson and F.~Barbanera and M.~Dezani-Ciancaglini and S.~Drossopoulou},
  title = {{Can Addresses be Types? (a case study: Objects with Delegation)}},
  publisher = {Elsevier},
  series = {ENTCS},
  year = {2003},
  pages = {1--22},
}

@InProceedings{Kniesel99,
  title =   "{Type-Safe Delegation for Run-Time Component
         Adaptation}",
  author =  "G.~Kniesel",
  booktitle =   "Proc.\ of ECOOP 99",
  publisher =   "Springer",
  year =    "1999",
  volume =  "1628",
  pages =   "351--366",
  series =  "LNCS",
}

@Article{BBDL99,
  author =       {V.~Bono and M.~Bugliesi and M.~Dezani-Ciancaglini and L.~Liquori},
  title =        {{A Subtyping for extensible, incomplete objects}},
  journal =      {Fundamenta Informaticae},
  year =         1999,
  volume =       38,
  number =       4,
  pages =        {325--364}
}

@InProceedings{MS88,
  author =  "D. R. Musser and A. A. Stepanov",
  title =   "{Generic Programming}",
  pages =   "13--25",
  booktitle =   "Symbolic and Algebraic Computation. International
         Symposium ({ISSAC} '88)",
  publisher =   "Springer",
  year =    "1989",
  series = "LNCS",
  volume =  "358",
}

@InProceedings{DMND06,
  title =   "{Session Types for Object-Oriented Languages}",
  author =  "M.~Dezani-Ciancaglini and D.~Mostrous
         and N.~Yoshida and S.~Drossopoulou",
  booktitle =   "Proc.\ of ECOOP",
  publisher =   "Springer",
  year =    "2006",
  volume =  "4067",
  pages =   "328--352",
  series =  "LNCS",
}

@InProceedings{BJJ05,
  title =   "{DynOCoLa: Enabling Dynamic Composition of Object Behaviour}",
  author =  "C.~Babu and W.~Jaques and D.~Janakiram",
  booktitle =   "Proc.\ 2nd International Workshop on ``Reflection, AOP and Meta-Data for Software Evolution (RAM-SE)'' at ECOOP 2005",
  year =    "2005"
}

@Article{BJ04,
  title =   "{Method Driven Model: A Unified Model for an Object Composition Language}",
  author =  "C.~Babu and D.~Janakiram",
  journal = "ACM SIGPLAN Notices",
  pages =   "61--71",
  year =    "2004",
  volume =  "39",
  number =  "8"
}

@InProceedings{BBV04,
  title =   "{Subtyping-Inheritance Conflicts: The Mobile Mixin Case}",
  author =  "L.~Bettini and V.~Bono and B.~Venneri",
  booktitle =   "Proc.\ Third IFIP International Conference on Theoretical Computer Science (TCS 2004)",
  publisher = "Kluwer Academic Publishers",
  year =    "2004"
}

@Book{aspects,
  author =    {D.~Crawford},
  title =     {Communications of the ACM archive - Special Issue on Aspect-Oriented Programming},
  publisher =    {ACM New York},
  year =         2001,
  volume = "44",
  issue = "10"
}

@Article{Boyle2003,
  title =   "Design principles for authoring dynamic, reusable learning objects",
  author =  "T.~Boyle",
  journal = "Australian Journal of Educational Technology",
  pages =   "46--58.",
  year =    "2003",
  volume =  "19",
  number =  "1"
}

@Book{black,
  title =   "Squeak by Example",
  author =  "Andrew Black and St\'ephane Ducasse and Oscar
         Nierstrasz and Damien Pollet and Damien Cassou and
         Marcus Denker",
  publisher =   "Square Bracket Associates",
  year =    "2007",
}

@InProceedings{black3,
  author =  "Andrew P. Black and Nathanael Sch{\"a}rli",
  booktitle =   "Proceedings ICSE 2004",
  pages =   "676--686",
  title =   "Traits: Tools and Methodology",
  year =    "2004",
}

@Article{black2,
  author =  "Andrew P. Black and Nathanael Sch{\"a}rli and
         St{\'e}phane Ducasse",
  title =   "Applying traits to the {Smalltalk} collection
         classes",
  journal = "ACM SIG{\-}PLAN Notices",
  volume =  "38",
  number =  "11",
  pages =   "47--64",
  year =    "2003",
}

@inproceedings{BonoDamiGiac:FTfJP-07,
  booktitle = {Electronic proceedings of FTfJP},
  title = {{S}eparating {T}ype, {B}ehavior, and {S}tate to {A}chieve {V}ery
           {F}ine-grained {R}euse},
  author = {Bono, V. and Damiani, F. and Giachino, E.},
  year = {2007},
}

@inproceedings{bono,
  booktitle = {IFIP TCS 2008 (Track B)},
  author = {V. Bono and F. Damiani and E. Giachino},
  title = {On Traits and Types in a {J}ava-like Setting},
  tag = {IFIP TCS 2008 (Track B), pages ?-?, Springer, to appear},
  publisher = {Springer},
  year = {2008},
  note={Availble at the url {\sf http://www.di.unito.it/$\,\tilde{\,}\,$damiani/papers/tcs08B.pdf}},
}

@phdthesis(jigsaw,
    Author="G. Bracha",
    title = {The programming language JIGSAW: mixins, modularity and multiple inheritance},
 year = {1992},
 optorder_no = {UMI Order No. GAX92-14893},
 optpublisher = {University of Utah},
 optschool = {Department of Comp. Sci.},
 optaddress = {Salt Lake City, UT, USA},
 )

@InProceedings{bracha2,
  author =   {G.~Bracha and D.~Griswold},
  title =    {{Extending Smalltalk with mixins}},
  booktitle =    {OOPSLA96 Workshop on Extending the Smalltalk Language},
  year =     1996,
  note =     {http://www.javasoft.com/people/gbracha/mwp.html}
}

@InProceedings{cassou,
  author =   {D. Cassou and S. Ducasse and R. Wuyts},
  title =    "Redesigning with Traits: the Nile Stream trait-based Library",
  booktitle =    "Proc.\ International Conference on Dynamic Languages",
  pages = "50-79",
  year={2007}
}

@article{scharli2,
    Author = {S. Ducasse and O. Nierstrasz and N. Sch{\"a}rli and R. Wuyts and A. Black},
    Journal = {ACM TOPLAS},
    Number = {2},
    Pages = {331-388},
    Title = {Traits: A Mechanism for fine-grained Reuse},
    Volume = {28},
    Year = {2006}
}

@Article{ducasse,
  author =  "St{\'e}phane Ducasse and Nathanael Sch{\"a}rli and
         Roel Wuyts",
  title =   "Uniform and safe metaclass composition",
  journal = "Computer Languages, Systems and Structures",
  volume =  "31",
  number =  "3--4",
  pages =   "143--164",
  year =    "2005",
}

@InProceedings{duggan,
  title =   "Modular Mixin-Based Inheritance for Application
         Frameworks",
  author =  "Dominic Duggan and Ching-Ching Techaubol",
  year =    "2001",
  booktitle =   "OOPSLA",
  pages =   "223--240",
}

@TechReport{fisher,
  author =  "Kathleen Fisher and John Reppy",
  institution =  "University of Chicago, Department of Computer
         Science",
  month =   dec,
  number =  "TR-2003-13",
  title =   "Statically typed traits",
  type =    "Technical Report",
  year =    "2003",
}

@INPROCEEDINGS{typed-traits:fool,
  AUTHOR = {K. Fisher and J. Reppy},
  TITLE = {A Typed Calculus of Traits},
  BOOKTITLE = {FOOL},
  YEAR = {2004}
}

@Book{ganter,
  author =  "Bernhard Ganter and Rudolf Wille",
  keywords =    "scglib fca",
  publisher =   "Springer",
  title =   "Formal Concept Analysis: Mathematical Foundations",
  year =    "1999",
}

@InProceedings{ingalls,
  author =  "Dan Ingalls and Ted Kaehler and John Maloney and Scott
         Wallace and Alan Kay",
  title =   "Back to the Future: The Story of {S}queak, {A} Practical
         {S}malltalk Written in Itself",
  booktitle =   "Proc.\ of OOPSLA",
  publisher =  "ACM",
  volume =  "32(10)",
  year =    "1997",
  pages =   "318--326",
}

@InProceedings{lienhard,
  author =   {A. Lienhard and S. Ducasse and G. Ar\'evalo},
  title =    "Identifying Traits with Formal Concept Analysis",
  booktitle =    "ASE",
  publisher =    ieee,
  year =     2005,
  pages = "66-75"
}

@PhdThesis{lindig,
  author =   {C.~Lindig},
  title =    {Fast Concept Analysis},
  school =   {Harvard University, Division of Engineering and Applied Sciences, Cambridge, Massachusetts},
  year =     2002
}

@article{Liquori-Spiwack:TOPLAS-07,
    Author = {L. Liquori and A Spiwack},
    Journal = {ACM TOPLAS},
    Title = {FeatherTrait: A Modest Extension of {F}eatherweight {J}ava},
    Year = {2008}
}

@MastersThesis{NaddeoTesi,
  author =   {M.~Naddeo},
  title =    {Un possibile approccio alla soluzione di alcuni problemi legati all'ereditariet\`a singola nei linguaggi object-oriented},
  school =   {Universit\`a degli Studi di Torino},
  year =     2008,
  type =     {Laurea Triennale in Informatica}
}

@article{nierstrasz,
   author    = {O. Nierstrasz and S. Ducasse and N. Sch{\"a}rli},
   title     = {Flattening Traits},
   DISABLEDjournal   = {Journal of Object Technology (www.jot.fm)},
   journal   = {JOT (www.jot.fm)},
   volume    = {5},
   number    = {4},
   pages     = {129-148},
   DISABLEDmonth     = {May-June},
   year      = {2006},
}

@INPROCEEDINGS{trait-metaprogramming-foundation,
  AUTHOR = {J. Reppy and A. Turon},
  TITLE = {{A Foundation for Trait-based Metaprogramming}},
  BOOKTITLE = {FOOL/WOOD},
  YEAR = 2006
}

@INPROCEEDINGS{Reppy-Turon:ECOOP-2007,
  AUTHOR = {J. Reppy and A. Turon},
  TITLE = {Metaprogramming with Traits},
  BOOKTITLE = {ECOOP},
  pages        = {373-398},
  volume    = {4609},
  year      = {2007},
  series       = {LNCS},
  publisher    = {Springer}
}

@inproceedings{scharli1,
    Author = {N. Sch{\"a}rli and S. Ducasse and O. Nierstrasz and A. Black},
    Booktitle = {ECOOP},
    Pages = {248-274},
    Publisher = {Springer},
    Series = {LNCS},
    Title = {Traits: Composable Units of Behavior},
    Volume = {2743},
    Year = {2003}
}

@inproceedings{chai,
  author    = {C. Smith and S. Drossopoulou},
  title     = {{\it Chai}: {T}raits for {J}ava-Like Languages},
  booktitle = {ECOOP},
    year      = {2005},
   publisher = {Springer},
   series    = {LNCS 3586},
  pages     = {453-478}
}

@inproceedings{QMHB04,
  author    = {P. J. Quitslund and R. Murphy-Hill and A. P. Black},
  title     = {Supporting {J}ava traits in {E}clipse},
  booktitle = {ETX},
  year      = {2004},
  publisher = {ACM},
  pages     = {37--41}
}

@INPROCEEDINGS{Cook92smalltalk,
 AUTHOR = {William R. Cook},
 TITLE = {Interfaces and Specifications for the {S}malltalk Collection Classes},
 BOOKTITLE = {Proc. of ACM Conf. on Object-Oriented Programming, Systems, Languages and Applications (OOPSLA)},
 YEAR = 1992
}

@inproceedings{nile07,
 author    = {Damien Cassou and
              St{\'e}phane Ducasse and
              Roel Wuyts},
 title     = {Redesigning with traits: the {N}ile stream trait-based library},
 booktitle = {ICDL},
 year      = {2007},
 pages     = {50--75}
}

@article{SR99,
   author = {Michael Siff and Thomas Reps},
   title ={Identifying Modules via Concept Analysis},
   journal = {IEEE Trans. Softw. Eng.},
   volume = {25},
   number = {6},
   year = {1999},
   pages = {749--768},
   publisher = {IEEE Press}
}

@InProceedings{Mikhajlov-Sekerinski98,
  author =  "Leonid Mikhajlov and Emil Sekerinski",
  booktitle =   "Proc.\ ECOOP",
  number =  "1445",
  pages =   "355--383",
  publisher =   "Springer",
  series =  "LNCS",
  title =   "A {Study} of the {Fragile} {Base} {Class} {Problem}",
  year =    "1998",
}

@Book{Eisenecker:2000:GP,
  author =  "Ulrich W. Eisenecker and Krzysztof Czarnecki",
  title =   "Generative Programming: Methods, Tools, and
         Applications",
  publisher =   "Addison-Wesley",
  year =    "2000",
}

@Article{Remy98,
  author =  "D. Remy and J. Vouillon",
  title =   "Objective {ML}: An effective object-oriented extension
         to {ML}",
  journal = "Theory and Practice of Object Systems",
  volume =  "4",
  number =  "1",
  pages =   "27--50",
  year =    "1998",
}

@INPROCEEDINGS{FCA,
  title = {{A trait based re-engineering technique for Java hierarchies}},
  author = {Bettini, Lorenzo and Bono, Viviana and Naddeo, Marco},
  booktitle = {PPPJ},
  pages = {149--158},
  abstract = {Traits are pure behavior components introduced in the Smalltalk
      community in order to integrate the traditional class inheritance
      with a composition mechanism: a class is composed by traits and
      inherits from superclasses. This offers the advantage of promoting
      code reuse. In this paper, we tackle the problem of re-engineering
      a Java hierarchy into traits, by adapting to a Java setting a
      methodology developed by Lienhard, Ducasse, and Arevalo for a
      Smalltalk setting, based on Formal Concept Analysis. We illustrate
      the approach by applying it to the Java input stream library. We
      also obtain two by-products: (i) we identify clearly some
      workarounds that programmers must exploit in order to overcome
      some of the limitations of Java single inheritance; (ii) we single
      out some features a Java with traits might include, as none of the
      proposals in the literature in this sense has taken the lead yet.},
  publisher = {ACM},
  year = {2008},
  url = {http://rap.dsi.unifi.it/bibliography/files/FCA_PPPJ.pdf},
}

@Misc{xtext,
    title = {Xtext},
    note = {\url{http://www.eclipse.org/Xtext}}
}

@InProceedings{tcs,
  title =	"{TCS}: a {DSL} for the specification of textual
		 concrete syntaxes in model engineering",
  author =	"Fr{\'e}d{\'e}ric Jouault and Jean B{\'e}zivin and Ivan
		 Kurtev",
  booktitle =	"GPCE",
  publisher =	"ACM",
  year = 	"2006",
  pages =	"249--254",
}

@Misc{guice,
    title = {{Google Guice}},
    note = {\url{http://code.google.com/p/google-guice}}
}

@Misc{xpand,
    title = {Xpand},
    note = {\url{http://www.eclipse.org/modeling/m2t/?project=xpand}}
}

@Misc{DLTK,
    title = {{DLTK}},
    note = {\url{http://www.eclipse.org/dltk}}
}


@Book{EMF08,
  author =  "Dave Steinberg and Frank Budinsky and Marcelo Paternostro and Ed Merks",
  publisher =   "Addison-Wesley",
  title =   "EMF: Eclipse Modeling Framework",
  year =    "2008",
  edition = "2nd",
}

@Book{Beck99,
  author =  "Kent Beck",
  title =   "Extreme Programming Explained: Embrace Change",
  publisher =   "Addison-Wesley",
  year =    "1999",
}

@MastersThesis{StroccoThesis,
  author =   {Fabio Strocco},
  title =    {{A Java dialect oriented to fine-grained software reuse}},
  school =   {Dip.\ di Informatica, Universit\`a di Torino},
  year =     2009,
  type =     {Bachelor Thesis}
}

@Book{Parr07a,
  author =  "Terence Parr",
  title =   "The Definitive {ANTLR} Reference: Building
         Domain-Specific Languages",
  month =   may,
  keywords =    "dsllit",
  year =    "2007",
  ISBN =    "978-0-9787392-5-6",
  publisher =   "Pragmatic Programmers",
}

@techreport{MJ,
    author = {G.M. Bierman and M.J. Parkinson and A.M. Pitts},
    title = {{MJ: An imperative core calculus for Java and Java with effects}},
    number = {563},
    institution = {University of Cambridge, Computer Laboratory},
    month = {April},
    year = {2003}
}

@inproceedings{LJ07,
 author = {Strni\v{s}a, Rok and Sewell, Peter and Parkinson, Matthew},
 title = {{The Java module system: core design and semantic definition}},
 booktitle = {proc.\ of OOPSLA},
 year = {2007},
 pages = {499--514},
 publisher = {ACM},
 }

@InProceedings{imp09,
  title =   "{Accelerating the creation of customized,
         language-Specific {IDE}s in Eclipse}",
  author =  "Philippe Charles and {Robert M.} Fuhrer and {Stanley M.} {Sutton Jr.} and Evelyn Duesterwald and Jurgen Vinju",
  booktitle =   "OOPSLA",
  publisher =   "ACM",
  year =    "2009",
  opteditor =  "Shail Arora and Gary T. Leavens",
  ISBN =    "978-1-60558-766-0",
  pages =   "191--206",
  URL =     "http://doi.acm.org/10.1145/1640089.1640104",
}

@InProceedings{emftext09,
  title =   "{Derivation and Refinement of Textual Syntax for
         Models}",
  author =  "Florian Heidenreich and Jendrik Johannes and Sven
         Karol and Mirko Seifert and Christian Wende",
  booktitle =   "ECMDA-FA",
  publisher =   "Springer",
  year =    "2009",
  volume =  "5562",
  opteditor =  "Richard F. Paige and Alan Hartman and Arend Rensink",
  pages =   "114--129",
  series =  "LNCS",
  URL =     "http://dx.doi.org/10.1007/978-3-642-02674-4",
}

@inproceedings{DBLP:conf/oopsla/Murphy-HillQB05,
  author    = {Emerson R. Murphy-Hill and
               Philip J. Quitslund and
               Andrew P. Black},
  title     = {Removing duplication from java.io: a case study using traits},
  booktitle = {OOPSLA},
  year      = {2005},
  pages     = {282-291},
  publisher = {ACM}
}

@inproceedings{DBLP:conf/eclipse/QuitslundMB04,
  author    = {Philip J. Quitslund and
               Emerson R. Murphy-Hill and
               Andrew P. Black},
  title     = {Supporting Java traits in Eclipse},
  booktitle = {ETX},
  year      = {2004},
  pages     = {37-41},
  publisher = {ACM}
}

@article{TraitsAtWork,
 author = {Cassou, Damien and Ducasse, St\'{e}phane and Wuyts, Roel},
 title = {Traits at work: The design of a new trait-based stream library},
 journal = {Comput. Lang. Syst. Struct.},
 volume = {35},
 number = {1},
 year = {2009},
 issn = {1477-8424},
 pages = {2--20},
 doi = {http://dx.doi.org/10.1016/j.cl.2008.05.004},
 publisher = {Elsevier Science Publishers B. V.},
 address = {Amsterdam, The Netherlands, The Netherlands},
 }

@TechReport{Quit04a,
  address =	"Beaverton, Oregon, USA",
  author =	"Philip J. Quitslund",
  institution =  "OGI School of Science \& Engineering",
  month =	sep,
  number =	"CSE-04-005",
  title =	"{Java Traits --- Improving Opportunities for Reuse}",
  type = 	"Technical Report",
  year = 	"2004",
}

@inproceedings{Hendler86,
 author = {Hendler, James},
 title = {Enhancement for multiple-inheritance},
 booktitle = {Proc. SIGPLAN workshop on Object-oriented programming},
 year = {1986},
 isbn = {0-89791-205-5},
 pages = {98--106},
 optlocation = {Yorktown Heights, New York, United States},
 doi = {http://doi.acm.org/10.1145/323779.323748},
 publisher = {ACM},
 optaddress = {New York, NY, USA},
 }

@Book{FlexBison,
  author =	 {John Levine},
  title = 	 {flex \& bison},
  publisher = 	 {O'Reilly Media},
  year = 	 2009
}

@Book{EclipsePlugins,
  author =	 {Eric Clayberg and Dan Rubel},
  title = 	 {Eclipse Plug-ins},
  publisher = 	 {Addison-Wesley},
  year = 	 2008,
  edition =	 {3rd}
}

@INPROCEEDINGS{FMJPPPJ,
  title = {{Featherweight Java with Multi-Methods}},
  author = {L.~Bettini and S.~Capecchi and B.~Venneri},
  booktitle = {Proc.\ PPPJ},
  pages = {83-92},
  publisher = {ACM},
  volume = {272},
  year = {2007},
}

@ARTICLE{WrapJavaJot,
  title = {{Featherweight Wrap Java: wrapping objects and methods}},
  author = {Bettini, Lorenzo and Capecchi, Sara and Giachino, Elena},
  journal = {Journal of Object Technology},
  pages = {5-29},
  volume = {7},
  number = {2},
  year = {2008},
  url = {http://www.jot.fm/issues/issue_2008_02/article1.pdf},
}

@InProceedings{BBV08,
  author = 	 {L.~Bettini and V.~Bono and B.~Venneri},
  title = 	 {{Object incompleteness and dynamic composition in Java-like
languages}},
  booktitle = 	 {Proc.\ TOOLS},
  year =	 2008,
  publisher =	 {Springer},
  volume =	 {11},
  series =       {LNBIP},
  pages =        {198--217}
}

@article{BCV08,
  author = {Bettini, Lorenzo and Capecchi, Sara and Venneri, Betti},
  title = {{Featherweight Java with Dynamic and Static Overloading}},
  journal = {Science of Computer Programming},
  pages = {261-278},
  publisher = {Elsevier},
  volume = {74},
  number = {5-6},
  year = {2009},
}

@article{BBV2010,
title = "Delegation by object composition",
journal = "Science of Computer Programming",
volume = "In Press",
year = "2010",
doi = "DOI: 10.1016/j.scico.2010.04.006",
author = "Lorenzo Bettini and Viviana Bono and Betti Venneri",
}

@InProceedings{swrtj,
  author = 	 {Bettini, L. and Damiani, F. and Schaefer, I. and Strocco, F.},
  title = 	 {{A Prototypical Java-like Language with Records and Traits}},
  booktitle = 	 {PPPJ},
  year =	 2010,
  publisher =	 {ACM},
  pages = {2096-2102},
}

@inproceedings{EriLex,
  author    = {Hao Xu},
  title     = {{EriLex: An Embedded Domain Specific Language Generator}},
  booktitle = {TOOLS},
  year      = {2010},
  pages     = {192-212},
  ee        = {http://dx.doi.org/10.1007/978-3-642-13953-6_11},
  crossref  = {DBLP:conf/tools/48-2010},
  bibsource = {DBLP, http://dblp.uni-trier.de}
}

@proceedings{DBLP:conf/tools/48-2010,
  opteditor    = {Jan Vitek},
  title     = {TOOLS},
  booktitle = {Proc.\ TOOLS},
  publisher = {Springer},
  series    = {LNCS},
  volume    = {6141},
  year      = {2010},
  isbn      = {978-3-642-13952-9},
  ee        = {http://dx.doi.org/10.1007/978-3-642-13953-6},
  bibsource = {DBLP, http://dblp.uni-trier.de}
}

@InProceedings{PP08,
  author = 	 {Michael Pfeiffer and Josef Pichler},
  title = 	 {A comparison of tool support for textual domain-specific languages},
  booktitle = 	 {Proc.\ DSM},
  pages =	 {1-7},
  year =	 2008
}

@Misc{MPS,
  author =	 {Martin Fowler},
  title =	 {{A Language Workbench in Action - MPS}},
  howpublished = {\url{http://martinfowler.com/\-articles/\-mpsAgree.html}},
  year =	 2008
}

@InProceedings{Neverlang2010,
  author = 	 {Walter Cazzola and Davide Poletti},
  title = 	 {{DSL Evolution through Composition}},
  booktitle = 	 {RAM-SE},
  year =	 2010,
  publisher =	 {ACM}
}

@Book{Aho:2007:CPT,
  editor =	"Alfred V. Aho and Monica S. Lam and Ravi Sethi and
		 Jeffrey D. Ullman",
  title =	"Compilers: principles, techniques, and tools",
  publisher =	"Addison Wesley",
  edition =	"2nd",
  year = 	"2007",
}

@Misc{Fowler2004,
  author =	"Martin Fowler",
  title =	"{Inversion of Control Containers and the Dependency
		 Injection pattern}",
  howpublished = "\url{http://www.martinfowler.com/articles/injection.html}",
  month =	jan,
  added-by =	"msteiner",
  URL =  	"http://www.martinfowler.com/articles/injection.html",
  added-at =	"Fri Oct 27 21:41:40 2006",
  abstract =	"In the Java community there's been a rush of
		 lightweight containers that help to assemble components
		 from different projects into a cohesive application.
		 Underlying these containers is a common pattern to how
		 they perform the wiring, a concept they refer under the
		 very generic name of {"}Inversion of Control{"}. In
		 this article I dig into how this pattern works, under
		 the more specific name of {"}Dependency Injection{"},
		 and contrast it with the Service Locator alternative.
		 The choice between them is less important than the
		 principle of separating configuration from use.",
  year = 	"2004",
}

@INPROCEEDINGS{Bet10,
  title = {{An Eclipse-based IDE for Featherweight Java implemented in Xtext}},
  author = {Bettini, Lorenzo},
  booktitle = {ECLIPSE-IT},
  pages = {14-28},
  abstract = {We present our implementation of Featherweight Java (a lightweight
      version of Java which is typically used when formalizing Java-like languages)
      in
      Eclipse by relying on Xtext (a framework for development of programming
      languages in Eclipse).
      Xtext eases the task of implementing a compiler and an IDE based on Eclipse by
      providing a high-level framework that generates most of the typical and
      recurrent 
      artifacts necessary for a fully-fledged IDE on top
      of Eclipse, and allows the programmer to customize every aspect.},
  year = {2010},
  url = {http://2010.eclipse-it.org/proceedings/},
  url = {http://rap.dsi.unifi.it/phpbibliography/files/fj-eclipse-it.pdf},
  isbn = {9788890438813},
}


@INPROCEEDINGS{DeltaJ,
  title = {{Delta-oriented Programming of Software Product Lines}},
  author = {Schaefer, Ina and Bettini, Lorenzo and Bono, Viviana and Damiani, Ferruccio and Tanzarella, Nico},
  booktitle = {SPLC},
  pages = {77-91},
  volume = {6287},
  year = {2010},
  url = {http://rap.dsi.unifi.it/phpbibliography/files/main.pdf},
  publisher = {Springer},
  series = {LNCS},
}

@Article{Huet75,
  author =	"G\'{e}rard Huet",
  title =	"A Unification Algorithm for Typed $\lambda$-Calculus",
  journal =	"TCS",
  volume =	"1",
  year = 	"1975",
  pages =	"27--57",
}

@Article{MartelliMontanari82,
  author =	"A.~Martelli and U.~Montanari",
  journal =	"ACM TOPLAS",
  pages =	"258--282",
  title =	"An efficient unification algorithm",
  volume =	"4",
  year = 	"1982",
}

@INPROCEEDINGS{Brac04a,
  author =	"Gilad Bracha",
  title =	"{Pluggable Type Systems}",
  booktitle = 	"Workshop on Revival of Dynamic Languages",
  year = 	"2004",
}

@InProceedings{JST98,
  author =	"Don Batory and Bernie Lofaso and Yannis Smaragdakis",
  title =	"{JTS: Tools for Implementing Domain-Specific
		 Languages}",
  booktitle =	"ICSR",
  year = 	"1998",
  publisher =	"IEEE",
  pages =	"143--153",
}

@Article{MontiCore10,
  title =	"MontiCore: a framework for compositional development
		 of domain specific languages",
  author =	"Holger Krahn and Bernhard Rumpe and Steven
		 V{\"o}lkel",
  journal =	"STTT",
  year = 	"2010",
  number =	"5",
  volume =	"12",
  pages =	"353--372",
}

@InProceedings{MetaBorg06,
  title =	"{MetaBorg in Action: Examples of Domain-Specific
		 Language Embedding and Assimilation Using
		 Stratego/XT}",
  author =	"Martin Bravenboer and Ren{\'e} de Groot and Eelco
		 Visser",
  booktitle =	"GTTSE",
  publisher =	"Springer",
  year = 	"2006",
  volume =	"4143",
  pages =	"297--311",
  series =	"LNCS",
}

@InProceedings{LanguageBoxes09,
  title =	"{Language Boxes: Bending the Host Language with Modular Language Changes}",
  author =	"Lukas Renggli and Marcus Denker and Oscar Nierstrasz",
  publisher =	"Springer",
  year = 	"2009",
  volume =	"5969",
  booktitle =	"SLE",
  pages =	"274--293",
  series =	"LNCS",
}

@Book{XMF08,
  author =	"Tony Clark and Paul Sammut and James Willans",
  title =	"Superlanguages, Developing Languages and Applications
		 with {XMF}",
  year = 	"2008",
  publisher =	"Ceteva",
  edition =	"1st",
}

@Article{Rob71,
  author =	"J. A. Robinson",
  title =	"Computational Logic: The Unification Computation",
  journal =	"Machine Intelligence",
  volume =	"6",
  year = 	"1971",
}

@Misc{OCLOMG,
  author = 	 {{Object Management Group}},
  title = 	 {{Object Constraint Language, Version 2.2}},
  howpublished = {Omg document number: formal/2010-02-01 edition},
  note =	 {\url{http://www.omg.org/spec/OCL/2.2}},
  year = {2010}
}

@Book{WarmerKleppe99,
  author =	"Jos Warmer and Anneke Kleppe",
  title =	"The Object Constraint Language: Precise Modeling with
		 {UML}",
  publisher =	"Addison Wesley",
  year = 	"1999",
}

@InCollection{Centaur,
  author =	"P. Borras and D. Clement and Th. Despeyroux and J.
		 Incerpi and G. Kahn and B. Lang and V. Pascual",
  title =	"{CENTAUR}: the system",
  booktitle =	"Software
		 Engineering Symposium on Practical Software Development
		 Environments",
  year = 	"1988",
  opteditor =	"Peter Henderson",
  volume =	"24",
  number =	"2",
  series =	"SIGPLAN",
  publisher =	"ACM",
  pages =	"14--24",
}

@Article{Metal,
  author =	"G. Kahn and B. Lang and B. Melese and E. Morcos",
  title =	"Metal: {A} formalism to specify formalisms",
  journal =	"Science Of Computer Programming",
  volume =	"3",
  number =	"2",
  pages =	"151--188",
  year = 	"1983",
  keywords =	"context sensitive grammar, CSG, attribute, checking,
		 metal",
  abstract =	"via enews",
}

@InProceedings{PPML,
  title =	"{PPML}: {A} General Formalism to Specify
		 PrettyPrinting",
  author =	"Elham Morcos-Chounet and A. Conchon",
  year = 	"1986",
  booktitle =	"IFIP Congress",
  pages =	"583--590",
}

@TechReport{Typol,
  author =	"Thierry Despeyroux",
  title =	"Typol: a formalism to implement Natural Semantics",
  institution =  "{INRIA}",
  year = 	"1988",
  month =	mar,
  number =	"94",
}

@Article{Ott,
  title =	"{Ott: Effective tool support for the working
		 semanticist}",
  author =	"Peter Sewell and Francesco Zappa Nardelli and Scott
		 Owens and Gilles Peskine and Thomas Ridge and Susmit
		 Sarkar and Rok Strnisa",
  journal =	"J. Funct. Program",
  year = 	"2010",
  number =	"1",
  volume =	"20",
  pages =	"71--122",
  URL =  	"http://dx.doi.org/10.1017/S0956796809990293",
}

@Book{Coq,
  author =	"Yves Bertot and P. (Pierre) Cast{\'e}ran",
  title =	"Interactive theorem proving and program development:
		 {Coq'Art}: the calculus of inductive constructions",
  publisher =	"Springer",
  year = 	"2004",
  series =	"Texts in theoretical computer science",
}

@Book{Isabelle,
  author =	"Lawrence C. Paulson",
  title =	"Isabelle: {A} Generic Theorem Prover",
  publisher =	"Springer",
  series =	"LNCS",
  volume =	"828",
  year = 	"1994",
  keywords =	"Isabelle",
}

@InProceedings{HOL,
  title =	"From {LCF} to {HOL}: a short history",
  author =	"Mike Gordon",
  booktitle =	"Proof, Language, and Interaction: Essays in Honour of
		 Robin Milner",
  publisher =	"The MIT Press",
  year = 	"2000",
  opteditor =	"Gordon D. Plotkin and Colin Stirling and Mads Tofte",
  pages =	"169--186",
}

@Article{ASFSDF,
  author =	"M. G. J. Van Den Brand and J. Heering and P. Klint and
		 P. A. Olivier",
  title =	"Compiling language definitions: the {ASF+SDF}
		 compiler",
  journal =	"ACM TOPLAS",
  volume =	"24",
  number =	"4",
  pages =	"334--368",
  year = 	"2002",
}

@InProceedings{BerghoferN00,
  title =	"{Executing Higher Order Logic}",
  author =	"Stefan Berghofer and Tobias Nipkow",
  publisher =	"Springer",
  year = 	"2000",
  volume =	"2277",
  booktitle =	"TYPES",
  opteditor =	"Paul Callaghan and Zhaohui Luo and James McKinna and
		 Robert Pollack",
  pages =	"24--40",
  series =	"LNCS",
  URL =  	"http://link.springer.de/link/service/series/0558/bibs/2277/22770024.htm",
}

@InProceedings{DelahayeDE07,
  title =	"{Extracting Purely Functional Contents from Logical
		 Inductive Types}",
  author =	"David Delahaye and Catherine Dubois and
		 Jean-Fr{\'e}d{\'e}ric {\'E}tienne",
  booktitle =	"TPHOLs",
  publisher =	"Springer",
  year = 	"2007",
  volume =	"4732",
  opteditor =	"Klaus Schneider and Jens Brandt",
  pages =	"70--85",
  series =	"LNCS",
  URL =  	"http://dx.doi.org/10.1007/978-3-540-74591-4_7",
}

@Book{PLTRedex,
  author =	"Matthias Felleisen and Robert Bruce Findler and
		 Matthew Flatt",
  title =	"Semantics Engineering with {PLT Redex}",
  publisher =	"The MIT Press",
  year = 	"2009",
  address =	"Cambridge, Mass.",
  annote =	"118 references.",
}

@InProceedings{Ruler,
  title =	"{Ruler: Programming Type Rules}",
  author =	"Atze Dijkstra and S. Doaitse Swierstra",
  booktitle =	"FLOPS",
  publisher =	"Springer",
  year = 	"2006",
  volume =	"3945",
  opteditor =	"Masami Hagiya and Philip Wadler",
  ISBN = 	"3-540-33438-6",
  pages =	"30--46",
  series =	"LNCS",
  URL =  	"http://dx.doi.org/10.1007/11737414_4",
}

@article{JastAdd,
title = "The {JastAdd system} -- modular extensible compiler construction",
journal = "Science of Computer Programming",
volume = "69",
number = "1-3",
pages = "14 - 26",
year = "2007",
doi = "DOI: 10.1016/j.scico.2007.02.003",
url = "http://www.sciencedirect.com/science/article/B6V17-4PW0542-4/2/e17c583e458aa415116f2d39d5878686",
author = {Torbj\"orn Ekman and G\"orel Hedin},
}

@InProceedings{Synthesizer,
  author =	"T. Reps and T. Teitelbaum",
  title =	"{The Synthesizer Generator}",
  booktitle =	"Software
		 Engineering Symposium on Practical Software Development
		 Environments",
  publisher =	"ACM",
  opteditor =	"P. Henderson",
  year = 	"1984",
  pages =	"42--48",
}

@Misc{XtextTS,
  author =	 {Markus V\"olter},
  title =	 {{Xtext/TS - a typesystem framework for Xtext}},
  year =	 2011,
  note =	 {\url{http://xtext-typesystem.eclipselabs.org.codespot.com\-/files/XTextTypesystem-2.0.pdf}}
}

@inproceedings{Spoofax2010,
  title = {The {Spoofax} Language Workbench. {Rules} for Declarative Specification of Languages and {IDEs}},
  author = {Lennart C. L. Kats and Eelco Visser},
  year = {2010},
  pages = {444-463},
  booktitle = {OOPSLA},
  publisher = {ACM},
}

@Article{Stratego2008,
  author =	"Martin Bravenboer and Karl Trygve Kalleberg and Rob
		 Vermaas and Eelco Visser",
  title =	"{Stratego\slash XT} 0.17. {A} language and toolset for
		 program transformation",
  journal =	"Science of Computer Programming",
  volume =	"72",
  number =	"1--2",
  pages =	"52--70",
  year = 	"2008",
}

@INPROCEEDINGS{Bet11,
  title = {{A DSL for Writing Type Systems for Xtext Languages}},
  author = {Bettini, Lorenzo},
  booktitle = {PPPJ},
  opteditor = {Christian Wimmer and  Christian W. Probst},
  pages = {31-40},
  year = {2011},
  url = {http://dl.acm.org/citation.cfm?doid=2093157.2093163},
  publisher = {ACM},
}

@Book{hindley:1997a,
  author =	"J. Roger Hindley",
  title =	"Basic Simple Type Theory",
  publisher =	"Cambridge University Press",
  year = 	"1987",
  address =	"Cambridge, England",
  xref = 	"Review: tiede:1999a.",
  topic =	"higher-order-logic;",
}

@ARTICLE{TraitRecordJ-SCP,
  title = {{TraitRecordJ: A programming language with traits and records}},
  author = {Bettini, Lorenzo and Damiani, Ferruccio and Schaefer, Ina and Strocco, Fabio},
  journal = {Science of Computer Programming},
  year = {2012},
  note = {To appear},
}

@INPROCEEDINGS{CompDelta,
  title = {{Compositional Type-Checking for Delta-oriented Programming}},
  author = {Schaefer, Ina and Bettini, Lorenzo and Damiani, Ferruccio},
  booktitle = {AOSD},
  pages = {43--56},
  abstract = {Delta-oriented programming is a compositional approach to flexibly
      implement software product lines. A product line is represented
      by a code base and a product line declaration. The code base consists
      of a set of delta modules specifying modifications to object oriented
      programs. The product line declaration provides the connection
      of the delta modules with the product features. This separation
      increases the reusability of delta modules.
      In this paper, we provide a foundation for compositional type
      checking of delta-oriented product lines of JAVA programs by presenting
      a minimal core calculus for delta-oriented programming.
      The calculus is equipped with a constraint-based type system that
      allows analyzing each delta module in isolation, such that that also
      the results of the analysis can be reused. By combining the analysis
      results for the delta modules with the product line declaration it is
      possible the establish that all the products of the product line are
      well-typed according to the JAVA type system.},
  year = {2011},
  url = {http://doi.acm.org/10.1145/1960275.1960283},
  publisher = {ACM},
}

@Article{Vlissides:1996:GGS,
  author =	"J. Vlissides",
  title =	"{Generation Gap} [software design pattern]",
  journal =	"C++ Report",
  volume =	"8",
  number =	"10",
  pages =	"12, 14--18",
  year = 	"1996",
}

