% This file was created with JabRef 2.7.
% Encoding: UTF-8

@INPROCEEDINGS{Bet11,
  title = {{A DSL for Writing Type Systems for Xtext Languages}},
  author = {Bettini, Lorenzo},
  booktitle = {Proceedings of Principles and Practice of Programming in Java (PPPJ)},
  editor = {Christian Wimmer and  Christian W. Probst},
  pages = {31-40},
  year = {2011},
  url = {http://dl.acm.org/citation.cfm?doid=2093157.2093163},
  publisher = {ACM},
}

@MISC{lbts,
  author = {Lorenzo Bettini},
  title = {{Xsemantics}},
  howpublished = {\url{http://xsemantics.sourceforge.net/}},
  year = {2012},
  owner = {ds},
  timestamp = {2012.02.21}
}

@MISC{mvts,
  author = {Markus V\"olter},
  title = {{Xtext/TS - A Typesystem Framework for Xtext}},
  howpublished = {\url{http://code.google.com/a/eclipselabs.org/p/xtext-typesystem/}},
  month = {May},
  year = {2011},
  owner = {ds},
  timestamp = {2012.02.10}
}

